1998 2724
376 148 440 179 454

960 315 1187 350 CGOCLXII.

333 402 551 436 HAWISIA
596 401 662 435 DE
709 398 930 433 LONDRES
976 397 1215 431 CONFIltMS
1261 396 1472 431 VARIOUS
1519 395 1707 429 GRANTS
1753 395 1811 428 ΤΟ

639 470 701 504 ST.
743 467 934 502 PETER’S
973 466 1146 506 ABEEY,
1187 465 1503 499 GLOUOESTER.

616 552 801 595 [CARTULQ
833 550 881 583 Sti·
919 549 1029 581 PETRI
1054 549 1177 581 Gnouc.
1203 547 1287 582 VOL.
1312 547 1352 587 I.‚
1376 559 1407 590 p.
1431 546 1525 590 284]

375 636 485 668 Sciant
501 637 664 677 presentes
680 636 713 665 et
729 633 833 665 futuri
846 632 933 674 quod
948 642 1008 674 ego
1021 631 1183 663 Hawism
1199 630 1238 662 de
1254 629 1436 662 Lomom»,
1453 629 1520 661 filia
1535 631 1567 661 et
1583 628 1674 660 heres
1686 627 1813 660 Tqun

331 706 371 737 de
398 704 581 737 LONDONJA
609 702 748 735 concessi
773 704 806 733 et
827 701 969 744 presenti
996 703 1083 732 carta
1113 710 1185 731 mea
1212 698 1397 731 confirmavi
1422 698 1457 730 in
1487 698 1567 740 ligia
1597 697 1756 729 viduitate
1781 698 1814 729 et

330 776 488 816 potestate
504 784 577 805 mea
594 771 704 804 abbati
720 770 831 803 Sancti
848 770 955 802 Pmm
974 769 1208 801 Gnoocnsrmn
1224 771 1273 800 etc
1277 793 1439 799 .......
1458 778 1568 799 omnes
1580 766 1769 798 elemosinas
1781 767 1814 798 et

330 843 520 876 donationes
536 844 695 874 terrarum
707 844 739 873 et
752 840 958 872 ecclesiarum
974 850 1053 881 quas
1068 838 1266 870 Manmcms
1278 838 1318 869 de
1334 836 1514 869 LONDONIA
1530 838 1709 868 antecessor
1724 845 1814 867 meus

330 912 376 944 eis
391 912 491 951 dedit,
504 914 536 944 et
553 910 652 943 etiam
668 921 779 942 omnes
795 908 985 941 donationes
997 910 1029 940 et
1040 907 1297 940 confirmationes
1310 905 1499 939 WILLELMI
1511 906 1550 937 de
1563 904 1745 936 LONDONIA
1762 903 1814 936 avi

331 982 409 1020 mei;
434 984 466 1014 et
489 992 600 1013 omnes
624 979 884 1012 confirmationes
900 977 1026 1010 Tuom
1050 978 1089 1009 de
1106 976 1287 1009 LoxnoxlA
1304 975 1404 1017 patris
1419 975 1492 1014 mei,
1513 974 1633 1006 scilicet
1649 973 1814 1006 ecclesiam

331 1051 440 1084 Sancti
464 1050 662 1082 Mmfflssms
685 1060 758 1080 cum
782 1048 860 1079 villa
883 1048 923 1079 de
948 1046 1106 1078 EWENNY
1130 1056 1203 1078 cum
1231 1044 1380 1076 omnibus
1407 1043 1611 1086 pertinentiis
1647 1043 1712 1075 suis
1742 1053 1815 1075 cum

329 1122 423 1163 prato
440 1122 471 1152 et
486 1118 681 1151 molendinis
694 1129 702 1156 ;
726 1117 773 1149 ita
788 1119 899 1149 tamen
915 1116 1001 1158 quod
1018 1126 1128 1147 omnes
1143 1114 1289 1147 homines
1304 1113 1367 1145 mei
1384 1112 1440 1155 qui
1456 1111 1501 1145 ibi
1517 1112 1680 1144 voluerint
1696 1111 1814 1143 molere

330 1189 376 1222 ibi
398 1189 524 1221 molant
547 1188 615 1220 sine
638 1187 801 1219 calumnia
825 1186 876 1218 vel
899 1184 1150 1218 contradictione
1173 1183 1237 1216 mei
1259 1182 1310 1215 vel
1340 1182 1496 1214 heredum
1528 1192 1683 1220 meorum,
1708 1182 1815 1223 preter

329 1259 477 1292 homines
487 1269 574 1290 meos
584 1258 623 1289 de
634 1257 894 1294 Oomvmsromz,
908 1255 964 1297 qui
976 1255 1017 1286 ad
1029 1253 1253 1286 molendinum
1269 1263 1377 1284 meum
1389 1252 1429 1284 de
1442 1251 1684 1284 OOLWINsToNE
1697 1249 1815 1282 debent

331 1328 461 1361 molere.
494 1327 541 1359 Et
556 1326 720 1360 ecclesiam
737 1325 855 1357 Sancte
867 1324 1020 1356 Emeum
1030 1334 1103 1355 cum
1113 1322 1206 1354 terris
1216 1324 1249 1353 et
1264 1321 1395 1354 decimis
1407 1322 1438 1352 et
1450 1319 1600 1352 omnibus
1611 1319 1816 1362 pertinentiis

333 1399 408 1437 suis,
431 1401 464 1430 ct
487 1397 652 1429 ecclesiam
668 1395 780 1428 Sancti
803 1394 1001 1427 MICHAELIS
1024 1393 1063 1425 de
1087 1391 1333 1424 ComvmsToNE
1357 1401 1430 1422 cum
1446 1389 1596 1422 omnibus
1611 1388 1817 1432 pertinentiis

332 1468 398 1500 suis
413 1470 446 1500 et
461 1466 632 1509 sexaginta
644 1477 699 1497 sex
715 1476 804 1497 acras
819 1466 902 1496 terre
919 1474 992 1495 cum
1015 1461 1218 1504 pertinentiis
1241 1461 1275 1492 in
1296 1461 1408 1492 eadem
1425 1459 1512 1498 villa,
1528 1462 1561 1491 et
1577 1460 1634 1491 etc.
1652 1461 1702 1490 etc
1705 1483 1815 1490 .....

332 1539 365 1569 et
379 1536 544 1568 ecclesiam
561 1536 600 1567 de
616 1534 866 1566 EGLISKEYNOR
882 1535 914 1565 et
937 1534 1040 1564 totam
1056 1534 1175 1563 terram
1192 1541 1253 1572 que
1277 1532 1324 1561 est
1347 1540 1386 1560 ex
1410 1530 1500 1571 parte
1524 1527 1603 1560 silve
1627 1528 1666 1560 de
1689 1527 1816 1559 Anum

332 1617 433 1648 usque
446 1606 487 1638 ad
500 1607 665 1648 pasturam
678 1614 834 1646 equorum
847 1601 980 1641 domini,
997 1604 1029 1633 et
1045 1612 1085 1632 ex
1095 1603 1186 1642 parte
1202 1599 1334 1632 orientis
1346 1601 1449 1630 totam
1464 1600 1584 1630 terram
1600 1609 1662 1639 que
1677 1596 1763 1639 jacet
1778 1597 1818 1628 de

334 1677 428 1708 domo
448 1675 573 1706 Enmm
590 1673 784 1706 vicecomitis
803 1683 903 1713 usque
920 1671 961 1702 ad
977 1670 1081 1712 ripam
1097 1670 1137 1701 de
1154 1669 1306 1701 Ewnnm
1330 1670 1387 1700 etc.
1406 1670 1464 1700 etc.
1485 1693 1491 1699 .
1511 1683 1521 1699 :
1537 1693 1544 1699 .
1563 1692 1570 1698 .
1591 1692 1597 1698 .
1615 1666 1700 1699 Volo
1720 1665 1819 1698 etiam

335 1745 421 1787 quod
440 1743 575 1786 predicti
592 1742 690 1774 abbas
713 1744 746 1773 et
768 1739 917 1773 monachi
941 1738 1082 1771 habeant
1096 1738 1130 1770 in
1149 1739 1238 1770 bosco
1254 1748 1324 1769 meo
1341 1737 1381 1769 de
1397 1736 1597 1768 UGGEMORA
1613 1744 1819 1767 communem

337 1817 466 1856 pasture
488 1824 546 1855 per
568 1814 674 1844 totum
698 1811 739 1842 ad
763 1809 948 1842 omnimoda
974 1807 1164 1851 [anim]alia
1191 1818 1248 1839 sua
1276 1809 1308 1838 et
1336 1805 1470 1838 husbote
1499 1808 1530 1837 et
1551 1804 1689 1844 heibote,
1718 1806 1750 1836 et
1778 1804 1820 1836 ad

336 1883 526 1922 ardendum,
543 1884 575 1914 et
597 1881 824 1919 claudendum,
842 1885 874 1911 et
895 1879 937 1910 ad
958 1877 1184 1916 edificandum,
1201 1876 1281 1908 adeo
1294 1875 1393 1908 libere
1413 1880 1445 1907 et
1466 1875 1573 1917 quiete
1595 1873 1690 1906 sicuti
1705 1873 1821 1905 melius

338 1963 482 1994 unquam
505 1950 689 1983 habuerunt
705 1952 849 1991 tempore
866 1947 1035 1980 Mlumcn
1058 1944 1264 1978 antecessoris
1286 1944 1348 1976 mei
1365 1943 1416 1975 vel
1432 1942 1570 1985 alicujus
1586 1944 1820 1974 antecessorum

338 2032 491 2054 meorum.
551 2018 753 2052 Habendum
783 2020 816 2050 et
846 2017 1035 2055 tenendum,
1067 2017 1116 2048 etc
1119 2039 1325 2047 .......
1352 2013 1385 2045 in
1416 2023 1531 2055 puram
1568 2014 1600 2044 et
1631 2015 1820 2054 perpetuam

338 2090 555 2128 elemosinam,
581 2092 639 2121 etc.
667 2091 715 2120 etc
719 2112 883 2119 .......
902 2085 948 2118 Et
969 2088 1006 2117 ut
1029 2084 1088 2117 heo
1113 2083 1270 2116 concessio
1297 2087 1329 2115 et
1356 2081 1555 2114 confirmatio
1586 2091 1658 2112 mea
1688 2086 1758 2112 rata
1789 2082 1821 2112 et

339 2160 526 2192 inconcussa.
548 2161 580 2190 et
603 2157 727 2190 stabilis
750 2158 938 2199 permaneat
960 2154 1100 2197 presenti
1116 2153 1233 2195 scripto
1257 2152 1401 2195 sigillum
1425 2162 1533 2183 meum
1552 2149 1695 2192 apposui.
1743 2148 1822 2181 Hiis

338 2228 484 2267 testibus,
500 2230 571 2266 etc„
588 2229 638 2259 etc
640 2251 776 2258 ......
