<?xml version="1.0" encoding="UTF-8"?>
<!DOCTYPE html PUBLIC "-//W3C//DTD XHTML 1.0 Transitional//EN"
    "http://www.w3.org/TR/xhtml1/DTD/xhtml1-transitional.dtd">
<html xmlns="http://www.w3.org/1999/xhtml" xml:lang="en" lang="en">
 <head>
  <title>
</title>
<meta http-equiv="Content-Type" content="text/html;charset=utf-8" />
  <meta name='ocr-system' content='tesseract 3.04.00' />
  <meta name='ocr-capabilities' content='ocr_page ocr_carea ocr_par ocr_line ocrx_word'/>
</head>
<body>
  <div class='ocr_page' id='page_1' title='image "./cartaeetaliamuni02claruoft_0405.png"; bbox 0 0 1998 2724; ppageno 0'>
   <div class='ocr_carea' id='block_1_1' title="bbox 1587 152 1648 184">
    <p class='ocr_par' dir='ltr' id='par_1_1' title="bbox 1587 152 1648 184">
     <span class='ocr_line' id='line_1_1' title="bbox 1587 152 1648 184; baseline 0.016 -1"><span class='ocrx_word' id='word_1_1' title='bbox 1587 152 1648 184; x_wconf 79' lang='lat'>621</span> 
     </span>
    </p>
   </div>
   <div class='ocr_carea' id='block_1_2' title="bbox 227 311 1693 736">
    <p class='ocr_par' dir='ltr' id='par_1_2' title="bbox 227 311 1687 431">
     <span class='ocr_line' id='line_1_2' title="bbox 227 311 1686 345; baseline -0.005 -6"><span class='ocrx_word' id='word_1_2' title='bbox 227 320 264 340; x_wconf 79' lang='lat' dir='ltr'>est</span> <span class='ocrx_word' id='word_1_3' title='bbox 286 316 353 339; x_wconf 81' lang='lat' dir='ltr'>Villa</span> <span class='ocrx_word' id='word_1_4' title='bbox 375 315 468 343; x_wconf 75' lang='lat' dir='ltr'>Thom,&#39;</span> <span class='ocrx_word' id='word_1_5' title='bbox 491 313 675 345; x_wconf 53' lang='grc' dir='ltr'>[ΟΧΧΧἺῙᾙ]Ἴ</span> <span class='ocrx_word' id='word_1_6' title='bbox 695 314 805 343; x_wconf 79' lang='lat' dir='ltr'>possibly</span> <span class='ocrx_word' id='word_1_7' title='bbox 824 321 851 335; x_wconf 79' lang='lat' dir='ltr'>so</span> <span class='ocrx_word' id='word_1_8' title='bbox 869 313 946 336; x_wconf 78' lang='lat' dir='ltr'>called</span> <span class='ocrx_word' id='word_1_9' title='bbox 966 314 1029 335; x_wconf 80' lang='lat' dir='ltr'>from</span> <span class='ocrx_word' id='word_1_10' title='bbox 1046 312 1154 335; x_wconf 79' lang='lat' dir='ltr'>Thomas</span> <span class='ocrx_word' id='word_1_11' title='bbox 1172 312 1201 334; x_wconf 82' lang='lat' dir='ltr'>de</span> <span class='ocrx_word' id='word_1_12' title='bbox 1224 311 1336 340; x_wconf 68' lang='lat' dir='ltr'>Comely,</span> <span class='ocrx_word' id='word_1_13' title='bbox 1359 311 1413 332; x_wconf 83' lang='lat' dir='ltr'>who</span> <span class='ocrx_word' id='word_1_14' title='bbox 1436 311 1565 332; x_wconf 77' lang='lat' dir='ltr'>witnessed</span> <span class='ocrx_word' id='word_1_15' title='bbox 1589 311 1686 333; x_wconf 86' lang='lat' dir='ltr'>various</span> 
     </span>
     <span class='ocr_line' id='line_1_3' title="bbox 228 353 1687 385; baseline -0.005 -4"><span class='ocrx_word' id='word_1_16' title='bbox 228 359 342 382; x_wconf 77' lang='lat' dir='ltr'>Charters</span> <span class='ocrx_word' id='word_1_17' title='bbox 353 359 417 381; x_wconf 77' lang='lat' dir='ltr'>from</span> <span class='ocrx_word' id='word_1_18' title='bbox 431 358 584 385; x_wconf 79' lang='lat'>1187-1200,</span> <span class='ocrx_word' id='word_1_19' title='bbox 595 357 644 379; x_wconf 80' lang='lat' dir='ltr'>and</span> <span class='ocrx_word' id='word_1_20' title='bbox 656 356 710 378; x_wconf 84' lang='lat' dir='ltr'>who</span> <span class='ocrx_word' id='word_1_21' title='bbox 722 363 783 385; x_wconf 79' lang='lat' dir='ltr'>gave</span> <span class='ocrx_word' id='word_1_22' title='bbox 795 359 821 379; x_wconf 87' lang='lat' dir='ltr'>to</span> <span class='ocrx_word' id='word_1_23' title='bbox 833 356 914 378; x_wconf 74' lang='lat' dir='ltr'>Neath</span> <span class='ocrx_word' id='word_1_24' title='bbox 926 356 967 378; x_wconf 80' lang='lat' dir='ltr'>the</span> <span class='ocrx_word' id='word_1_25' title='bbox 979 358 1021 378; x_wconf 80' lang='lat' dir='ltr'>ten</span> <span class='ocrx_word' id='word_1_26' title='bbox 1036 362 1104 378; x_wconf 80' lang='lat' dir='ltr'>acres</span> <span class='ocrx_word' id='word_1_27' title='bbox 1115 355 1140 377; x_wconf 85' lang='lat' dir='ltr'>of</span> <span class='ocrx_word' id='word_1_28' title='bbox 1156 354 1240 377; x_wconf 74' lang='lat' dir='ltr'>arable</span> <span class='ocrx_word' id='word_1_29' title='bbox 1252 354 1310 376; x_wconf 82' lang='lat' dir='ltr'>land</span> <span class='ocrx_word' id='word_1_30' title='bbox 1321 354 1346 376; x_wconf 84' lang='lat' dir='ltr'>iu</span> <span class='ocrx_word' id='word_1_31' title='bbox 1358 353 1396 376; x_wconf 82' lang='lat' dir='ltr'>his</span> <span class='ocrx_word' id='word_1_32' title='bbox 1407 354 1444 375; x_wconf 73' lang='lat' dir='ltr'>foe</span> <span class='ocrx_word' id='word_1_33' title='bbox 1457 354 1481 376; x_wconf 70' lang='lat' dir='ltr'>of</span> <span class='ocrx_word' id='word_1_34' title='bbox 1492 353 1604 382; x_wconf 81' lang='lat' dir='ltr'>Cornely.</span> <span class='ocrx_word' id='word_1_35' title='bbox 1628 353 1687 375; x_wconf 47' lang='lat' dir='ltr'>This</span> 
     </span>
     <span class='ocr_line' id='line_1_4' title="bbox 229 398 1011 431; baseline -0.005 -7"><span class='ocrx_word' id='word_1_36' title='bbox 229 402 277 431; x_wconf 78' lang='lat' dir='ltr'>gift</span> <span class='ocrx_word' id='word_1_37' title='bbox 289 409 339 424; x_wconf 72' lang='lat' dir='ltr'>was.</span> <span class='ocrx_word' id='word_1_38' title='bbox 350 400 482 424; x_wconf 78' lang='lat' dir='ltr'>confirmed</span> <span class='ocrx_word' id='word_1_39' title='bbox 493 400 526 429; x_wconf 78' lang='lat' dir='ltr'>by</span> <span class='ocrx_word' id='word_1_40' title='bbox 538 399 607 428; x_wconf 84' lang='lat' dir='ltr'>King</span> <span class='ocrx_word' id='word_1_41' title='bbox 617 399 684 421; x_wconf 81' lang='lat' dir='ltr'>John</span> <span class='ocrx_word' id='word_1_42' title='bbox 697 399 720 421; x_wconf 85' lang='lat' dir='ltr'>in</span> <span class='ocrx_word' id='word_1_43' title='bbox 735 400 790 421; x_wconf 68' lang='lat'>1208</span> <span class='ocrx_word' id='word_1_44' title='bbox 810 398 1011 428; x_wconf 61' lang='lat' dir='ltr'>[CCCXVHL]</span> 
     </span>
    </p>

    <p class='ocr_par' dir='ltr' id='par_1_3' title="bbox 230 438 1688 556">
     <span class='ocr_line' id='line_1_5' title="bbox 268 438 1687 470; baseline -0.005 -4"><span class='ocrx_word' id='word_1_45' title='bbox 268 444 376 466; x_wconf 71' lang='lat' dir='ltr'>William</span> <span class='ocrx_word' id='word_1_46' title='bbox 388 444 417 465; x_wconf 85' lang='lat' dir='ltr'>de</span> <span class='ocrx_word' id='word_1_47' title='bbox 429 442 526 465; x_wconf 79' lang='lat' dir='ltr'>Corneli</span> <span class='ocrx_word' id='word_1_48' title='bbox 546 449 603 470; x_wconf 83' lang='lat' dir='ltr'>may</span> <span class='ocrx_word' id='word_1_49' title='bbox 614 441 677 464; x_wconf 81' lang='lat' dir='ltr'>have</span> <span class='ocrx_word' id='word_1_50' title='bbox 696 441 756 463; x_wconf 77' lang='lat' dir='ltr'>been</span> <span class='ocrx_word' id='word_1_51' title='bbox 769 449 782 463; x_wconf 83' lang='lat' dir='ltr'>a</span> <span class='ocrx_word' id='word_1_52' title='bbox 794 448 838 463; x_wconf 84' lang='lat' dir='ltr'>son</span> <span class='ocrx_word' id='word_1_53' title='bbox 850 441 874 463; x_wconf 69' lang='lat' dir='ltr'>of</span> <span class='ocrx_word' id='word_1_54' title='bbox 893 441 1006 463; x_wconf 68' lang='lat' dir='ltr'>Thomas⁴</span> <span class='ocrx_word' id='word_1_55' title='bbox 1040 439 1077 462; x_wconf 82' lang='lat' dir='ltr'>He</span> <span class='ocrx_word' id='word_1_56' title='bbox 1088 446 1173 462; x_wconf 81' lang='lat' dir='ltr'>occurs</span> <span class='ocrx_word' id='word_1_57' title='bbox 1184 438 1273 468; x_wconf 72' lang='lat' dir='ltr'>chiefly</span> <span class='ocrx_word' id='word_1_58' title='bbox 1285 446 1311 461; x_wconf 80' lang='lat' dir='ltr'>as</span> <span class='ocrx_word' id='word_1_59' title='bbox 1322 446 1335 461; x_wconf 91' lang='lat' dir='ltr'>a</span> <span class='ocrx_word' id='word_1_60' title='bbox 1348 439 1449 460; x_wconf 75' lang='lat' dir='ltr'>witness</span> <span class='ocrx_word' id='word_1_61' title='bbox 1461 441 1487 460; x_wconf 81' lang='lat' dir='ltr'>to</span> <span class='ocrx_word' id='word_1_62' title='bbox 1498 438 1614 460; x_wconf 73' lang='lat' dir='ltr'>Charters</span> <span class='ocrx_word' id='word_1_63' title='bbox 1630 444 1687 460; x_wconf 87' lang='lat' dir='ltr'>con-</span> 
     </span>
     <span class='ocr_line' id='line_1_6' title="bbox 230 481 1688 514; baseline -0.005 -5"><span class='ocrx_word' id='word_1_64' title='bbox 230 487 316 509; x_wconf 78' lang='lat' dir='ltr'>nected</span> <span class='ocrx_word' id='word_1_65' title='bbox 327 486 387 508; x_wconf 82' lang='lat' dir='ltr'>with</span> <span class='ocrx_word' id='word_1_66' title='bbox 404 485 516 514; x_wconf 59' lang='lat' dir='ltr'>Margum</span> <span class='ocrx_word' id='word_1_67' title='bbox 528 492 553 506; x_wconf 77' lang='lat' dir='ltr'>ei·</span> <span class='ocrx_word' id='word_1_68' title='bbox 573 484 604 506; x_wconf 79' lang='lat' dir='ltr'>its</span> <span class='ocrx_word' id='word_1_69' title='bbox 616 484 817 512; x_wconf 77' lang='lat' dir='ltr'>neighbourhood</span> <span class='ocrx_word' id='word_1_70' title='bbox 836 485 898 505; x_wconf 78' lang='lat' dir='ltr'>irum</span> <span class='ocrx_word' id='word_1_71' title='bbox 913 484 967 505; x_wconf 68' lang='lat'>1202</span> <span class='ocrx_word' id='word_1_72' title='bbox 980 486 1006 504; x_wconf 76' lang='lat' dir='ltr'>to</span> <span class='ocrx_word' id='word_1_73' title='bbox 1020 483 1173 511; x_wconf 60' lang='lat' dir='ltr'>mou—1321,</span> <span class='ocrx_word' id='word_1_74' title='bbox 1185 488 1212 504; x_wconf 73' lang='lat' dir='ltr'>so</span> <span class='ocrx_word' id='word_1_75' title='bbox 1225 482 1279 504; x_wconf 81' lang='lat' dir='ltr'>that</span> <span class='ocrx_word' id='word_1_76' title='bbox 1291 481 1359 503; x_wconf 79' lang='lat' dir='ltr'>there</span> <span class='ocrx_word' id='word_1_77' title='bbox 1370 488 1426 510; x_wconf 77' lang='lat' dir='ltr'>may</span> <span class='ocrx_word' id='word_1_78' title='bbox 1438 481 1500 502; x_wconf 72' lang='lat' dir='ltr'>have</span> <span class='ocrx_word' id='word_1_79' title='bbox 1520 482 1579 502; x_wconf 82' lang='lat' dir='ltr'>been</span> <span class='ocrx_word' id='word_1_80' title='bbox 1596 483 1646 501; x_wconf 86' lang='lat' dir='ltr'>two</span> <span class='ocrx_word' id='word_1_81' title='bbox 1663 482 1688 501; x_wconf 70' lang='lat' dir='ltr'>of</span> 
     </span>
     <span class='ocr_line' id='line_1_7' title="bbox 233 526 717 556; baseline -0.006 -5"><span class='ocrx_word' id='word_1_82' title='bbox 233 529 275 551; x_wconf 86' lang='lat' dir='ltr'>the</span> <span class='ocrx_word' id='word_1_83' title='bbox 291 535 368 555; x_wconf 81' lang='lat' dir='ltr'>name,</span> <span class='ocrx_word' id='word_1_84' title='bbox 380 527 501 556; x_wconf 79' lang='lat' dir='ltr'>probably</span> <span class='ocrx_word' id='word_1_85' title='bbox 513 526 595 549; x_wconf 78' lang='lat' dir='ltr'>father</span> <span class='ocrx_word' id='word_1_86' title='bbox 606 526 654 548; x_wconf 85' lang='lat' dir='ltr'>and</span> <span class='ocrx_word' id='word_1_87' title='bbox 666 533 717 548; x_wconf 87' lang='lat' dir='ltr'>son.</span> 
     </span>
    </p>

    <p class='ocr_par' dir='ltr' id='par_1_4' title="bbox 232 565 1693 736">
     <span class='ocr_line' id='line_1_8' title="bbox 269 565 1692 598; baseline -0.004 -6"><span class='ocrx_word' id='word_1_88' title='bbox 269 570 338 593; x_wconf 85' lang='lat' dir='ltr'>Then</span> <span class='ocrx_word' id='word_1_89' title='bbox 355 577 439 592; x_wconf 78' lang='lat' dir='ltr'>occurs</span> <span class='ocrx_word' id='word_1_90' title='bbox 459 569 549 598; x_wconf 82' lang='lat' dir='ltr'>Philip,</span> <span class='ocrx_word' id='word_1_91' title='bbox 567 575 611 591; x_wconf 75' lang='lat' dir='ltr'>son</span> <span class='ocrx_word' id='word_1_92' title='bbox 630 569 654 591; x_wconf 74' lang='lat' dir='ltr'>of</span> <span class='ocrx_word' id='word_1_93' title='bbox 672 568 782 590; x_wconf 81' lang='lat' dir='ltr'>William</span> <span class='ocrx_word' id='word_1_94' title='bbox 800 568 829 590; x_wconf 77' lang='lat' dir='ltr'>de</span> <span class='ocrx_word' id='word_1_95' title='bbox 847 567 952 595; x_wconf 78' lang='lat' dir='ltr'>Corneli,</span> <span class='ocrx_word' id='word_1_96' title='bbox 971 568 1026 590; x_wconf 79' lang='lat' dir='ltr'>who</span> <span class='ocrx_word' id='word_1_97' title='bbox 1045 568 1172 589; x_wconf 74' lang='lat' dir='ltr'>witnesses</span> <span class='ocrx_word' id='word_1_98' title='bbox 1190 574 1203 589; x_wconf 78' lang='lat' dir='ltr'>a</span> <span class='ocrx_word' id='word_1_99' title='bbox 1221 567 1368 589; x_wconf 77' lang='lat' dir='ltr'>convention</span> <span class='ocrx_word' id='word_1_100' title='bbox 1386 566 1496 588; x_wconf 80' lang='lat' dir='ltr'>between</span> <span class='ocrx_word' id='word_1_101' title='bbox 1514 565 1625 593; x_wconf 76' lang='lat' dir='ltr'>Margam</span> <span class='ocrx_word' id='word_1_102' title='bbox 1644 565 1692 587; x_wconf 84' lang='lat' dir='ltr'>and</span> 
     </span>
     <span class='ocr_line' id='line_1_9' title="bbox 232 608 1690 640; baseline -0.004 -5"><span class='ocrx_word' id='word_1_103' title='bbox 232 613 270 635; x_wconf 65' lang='lat' dir='ltr'>W⁴</span> <span class='ocrx_word' id='word_1_104' title='bbox 282 612 445 640; x_wconf 80' lang='lat' dir='ltr'>Frankelein3</span> <span class='ocrx_word' id='word_1_105' title='bbox 463 612 511 634; x_wconf 76' lang='lat' dir='ltr'>and</span> <span class='ocrx_word' id='word_1_106' title='bbox 524 611 598 639; x_wconf 71' lang='lat' dir='ltr'>again</span> <span class='ocrx_word' id='word_1_107' title='bbox 610 611 635 633; x_wconf 87' lang='lat' dir='ltr'>iu</span> <span class='ocrx_word' id='word_1_108' title='bbox 650 611 711 632; x_wconf 71' lang='grc'>1257.</span> <span class='ocrx_word' id='word_1_109' title='bbox 744 610 783 632; x_wconf 84' lang='lat' dir='ltr'>He</span> <span class='ocrx_word' id='word_1_110' title='bbox 794 617 878 632; x_wconf 78' lang='lat' dir='ltr'>occurs</span> <span class='ocrx_word' id='word_1_111' title='bbox 889 610 941 632; x_wconf 62' lang='lat' dir='ltr'>also</span> <span class='ocrx_word' id='word_1_112' title='bbox 958 610 982 632; x_wconf 85' lang='lat' dir='ltr'>iu</span> <span class='ocrx_word' id='word_1_113' title='bbox 997 611 1059 631; x_wconf 64' lang='lat'>1253.</span> <span class='ocrx_word' id='word_1_114' title='bbox 1072 610 1136 631; x_wconf 52' lang='lat'>125&amp;</span> <span class='ocrx_word' id='word_1_115' title='bbox 1152 609 1253 637; x_wconf 63' lang='lat' dir='ltr'>wei-62,</span> <span class='ocrx_word' id='word_1_116' title='bbox 1265 609 1313 631; x_wconf 84' lang='lat' dir='ltr'>and</span> <span class='ocrx_word' id='word_1_117' title='bbox 1326 609 1350 630; x_wconf 91' lang='lat' dir='ltr'>in</span> <span class='ocrx_word' id='word_1_118' title='bbox 1364 609 1420 630; x_wconf 66' lang='grc'>1237</span> <span class='ocrx_word' id='word_1_119' title='bbox 1434 615 1483 629; x_wconf 75' lang='lat' dir='ltr'>was</span> <span class='ocrx_word' id='word_1_120' title='bbox 1500 608 1598 629; x_wconf 69' lang='lat' dir='ltr'>himself</span> <span class='ocrx_word' id='word_1_121' title='bbox 1618 610 1690 636; x_wconf 75' lang='lat' dir='ltr'>party</span> 
     </span>
     <span class='ocr_line' id='line_1_10' title="bbox 232 650 1693 682; baseline -0.004 -5"><span class='ocrx_word' id='word_1_122' title='bbox 232 659 258 677; x_wconf 88' lang='lat' dir='ltr'>to</span> <span class='ocrx_word' id='word_1_123' title='bbox 268 663 282 677; x_wconf 80' lang='lat' dir='ltr'>a</span> <span class='ocrx_word' id='word_1_124' title='bbox 294 655 441 677; x_wconf 83' lang='lat' dir='ltr'>convention</span> <span class='ocrx_word' id='word_1_125' title='bbox 453 654 514 676; x_wconf 80' lang='lat' dir='ltr'>with</span> <span class='ocrx_word' id='word_1_126' title='bbox 526 654 637 682; x_wconf 71' lang='lat' dir='ltr'>Mai-gani</span> <span class='ocrx_word' id='word_1_127' title='bbox 650 653 798 681; x_wconf 83' lang='lat' dir='ltr'>eoncerniug</span> <span class='ocrx_word' id='word_1_128' title='bbox 809 659 840 674; x_wconf 80' lang='lat' dir='ltr'>an</span> <span class='ocrx_word' id='word_1_129' title='bbox 852 653 978 681; x_wconf 75' lang='lat' dir='ltr'>exchauge</span> <span class='ocrx_word' id='word_1_130' title='bbox 989 652 1015 674; x_wconf 77' lang='lat' dir='ltr'>of</span> <span class='ocrx_word' id='word_1_131' title='bbox 1026 652 1104 680; x_wconf 76' lang='lat' dir='ltr'>lande,</span> <span class='ocrx_word' id='word_1_132' title='bbox 1116 651 1154 673; x_wconf 76' lang='lat' dir='ltr'>his</span> <span class='ocrx_word' id='word_1_133' title='bbox 1166 651 1223 673; x_wconf 73' lang='lat' dir='ltr'>wife</span> <span class='ocrx_word' id='word_1_134' title='bbox 1233 650 1338 673; x_wconf 80' lang='lat' dir='ltr'>Amabel</span> <span class='ocrx_word' id='word_1_135' title='bbox 1350 658 1399 672; x_wconf 82' lang='lat' dir='ltr'>was</span> <span class='ocrx_word' id='word_1_136' title='bbox 1410 650 1469 672; x_wconf 84' lang='lat' dir='ltr'>then</span> <span class='ocrx_word' id='word_1_137' title='bbox 1480 650 1564 678; x_wconf 78' lang='lat' dir='ltr'>living.</span> <span class='ocrx_word' id='word_1_138' title='bbox 1582 650 1620 671; x_wconf 82' lang='lat' dir='ltr'>He.</span> <span class='ocrx_word' id='word_1_139' title='bbox 1631 656 1693 678; x_wconf 80' lang='lat' dir='ltr'>gave</span> 
     </span>
     <span class='ocr_line' id='line_1_11' title="bbox 233 692 1589 736; baseline -0.005 -16"><span class='ocrx_word' id='word_1_140' title='bbox 233 698 346 726; x_wconf 73' lang='lat' dir='ltr'>Margam</span> <span class='ocrx_word' id='word_1_141' title='bbox 358 697 400 719; x_wconf 82' lang='lat' dir='ltr'>the</span> <span class='ocrx_word' id='word_1_142' title='bbox 413 697 476 719; x_wconf 74' lang='lat' dir='ltr'>lease</span> <span class='ocrx_word' id='word_1_143' title='bbox 489 697 514 718; x_wconf 76' lang='lat' dir='ltr'>of</span> <span class='ocrx_word' id='word_1_144' title='bbox 526 696 578 718; x_wconf 87' lang='lat' dir='ltr'>iron</span> <span class='ocrx_word' id='word_1_145' title='bbox 591 696 638 717; x_wconf 86' lang='lat' dir='ltr'>and</span> <span class='ocrx_word' id='word_1_146' title='bbox 652 695 704 736; x_wconf 63' lang='lat' dir='ltr'>lead</span> <span class='ocrx_word' id='word_1_147' title='bbox 717 695 793 717; x_wconf 70' lang='lat' dir='ltr'>mines</span> <span class='ocrx_word' id='word_1_148' title='bbox 805 695 830 717; x_wconf 90' lang='lat' dir='ltr'>in</span> <span class='ocrx_word' id='word_1_149' title='bbox 843 695 946 717; x_wconf 70' lang='lat' dir='ltr'>Corneli⁴</span> <span class='ocrx_word' id='word_1_150' title='bbox 980 695 1087 717; x_wconf 80' lang='lat' dir='ltr'>Maurice</span> <span class='ocrx_word' id='word_1_151' title='bbox 1099 694 1196 716; x_wconf 85' lang='lat' dir='ltr'>Corneli</span> <span class='ocrx_word' id='word_1_152' title='bbox 1209 700 1257 715; x_wconf 80' lang='lat' dir='ltr'>was</span> <span class='ocrx_word' id='word_1_153' title='bbox 1268 693 1347 721; x_wconf 81' lang='lat' dir='ltr'>living</span> <span class='ocrx_word' id='word_1_154' title='bbox 1359 693 1384 715; x_wconf 89' lang='lat' dir='ltr'>in</span> <span class='ocrx_word' id='word_1_155' title='bbox 1397 694 1453 715; x_wconf 71' lang='lat'>1264</span> <span class='ocrx_word' id='word_1_156' title='bbox 1465 693 1513 714; x_wconf 78' lang='lat' dir='ltr'>and</span> <span class='ocrx_word' id='word_1_157' title='bbox 1527 692 1589 714; x_wconf 76' lang='lat'>1283.</span> 
     </span>
    </p>
   </div>
   <div class='ocr_carea' id='block_1_3' title="bbox 225 851 1707 1159">
    <p class='ocr_par' dir='ltr' id='par_1_5' title="bbox 883 851 1050 884">
     <span class='ocr_line' id='line_1_12' title="bbox 883 851 1050 884; baseline -0.012 0"><span class='ocrx_word' id='word_1_158' title='bbox 883 851 1050 884; x_wconf 85' lang='lat' dir='ltr'><strong>DXOIII.</strong></span> 
     </span>
    </p>

    <p class='ocr_par' dir='ltr' id='par_1_6' title="bbox 225 918 1707 1113">
     <span class='ocr_line' id='line_1_13' title="bbox 225 918 1707 957; baseline -0.004 -1"><span class='ocrx_word' id='word_1_159' title='bbox 225 922 524 957; x_wconf 78' lang='lat' dir='ltr'>AGREEMENT</span> <span class='ocrx_word' id='word_1_160' title='bbox 571 921 810 955; x_wconf 78' lang='lat' dir='ltr'>BETWEEN</span> <span class='ocrx_word' id='word_1_161' title='bbox 862 920 1072 953; x_wconf 81' lang='lat' dir='ltr'>MARGAM</span> <span class='ocrx_word' id='word_1_162' title='bbox 1121 919 1284 952; x_wconf 89' lang='lat' dir='ltr'><strong>ABBEY</strong></span> <span class='ocrx_word' id='word_1_163' title='bbox 1333 919 1434 951; x_wconf 90' lang='lat' dir='ltr'>AND</span> <span class='ocrx_word' id='word_1_164' title='bbox 1483 918 1707 952; x_wconf 78' lang='lat' dir='ltr'>WILLIAM</span> 
     </span>
     <span class='ocr_line' id='line_1_14' title="bbox 336 987 1707 1030; baseline -0.004 -5"><span class='ocrx_word' id='word_1_165' title='bbox 336 991 665 1030; x_wconf 75' lang='lat' dir='ltr'>FRANKELEIN,</span> <span class='ocrx_word' id='word_1_166' title='bbox 721 989 1032 1023; x_wconf 71' lang='lat' dir='ltr'>OONOERNING</span> <span class='ocrx_word' id='word_1_167' title='bbox 1087 990 1120 1022; x_wconf 84' lang='lat' dir='ltr'>A</span> <span class='ocrx_word' id='word_1_168' title='bbox 1165 988 1318 1022; x_wconf 77' lang='lat' dir='ltr'><strong>LEASE</strong></span> <span class='ocrx_word' id='word_1_169' title='bbox 1367 988 1427 1021; x_wconf 88' lang='lat' dir='ltr'>OF</span> <span class='ocrx_word' id='word_1_170' title='bbox 1472 988 1605 1020; x_wconf 87' lang='lat' dir='ltr'>LAND</span> <span class='ocrx_word' id='word_1_171' title='bbox 1644 987 1707 1019; x_wconf 80' lang='lat' dir='ltr'>AT</span> 
     </span>
     <span class='ocr_line' id='line_1_15' title="bbox 341 1060 578 1113; baseline -0.008 -19"><span class='ocrx_word' id='word_1_172' title='bbox 341 1060 578 1113; x_wconf 72' lang='lat' dir='ltr'><strong>GOYLAKE.</strong></span> 
     </span>
    </p>

    <p class='ocr_par' dir='ltr' id='par_1_7' title="bbox 693 1114 1664 1159">
     <span class='ocr_line' id='line_1_16' title="bbox 693 1114 1664 1159; baseline -0.004 -11"><span class='ocrx_word' id='word_1_173' title='bbox 693 1116 825 1159; x_wconf 63' lang='lat' dir='ltr'>[HARL.</span> <span class='ocrx_word' id='word_1_174' title='bbox 851 1116 1027 1154; x_wconf 74' lang='lat' dir='ltr'>CHARTER‚</span> <span class='ocrx_word' id='word_1_175' title='bbox 1053 1117 1094 1147; x_wconf 82' lang='lat'>75</span> <span class='ocrx_word' id='word_1_176' title='bbox 1119 1115 1160 1147; x_wconf 72' lang='lat' dir='ltr'>A.</span> <span class='ocrx_word' id='word_1_177' title='bbox 1187 1114 1258 1158; x_wconf 87' lang='lat'>38.]</span> <span class='ocrx_word' id='word_1_178' title='bbox 1571 1114 1664 1145; x_wconf 81' lang='lat'>1258.</span> 
     </span>
    </p>
   </div>
   <div class='ocr_carea' id='block_1_4' title="bbox 743 1196 1205 1230">
    <p class='ocr_par' dir='ltr' id='par_1_8' title="bbox 743 1196 1205 1230">
     <span class='ocr_line' id='line_1_17' title="bbox 743 1196 1205 1230; baseline -0.004 0"><span class='ocrx_word' id='word_1_179' title='bbox 743 1196 1205 1230; x_wconf 75' lang='lat' dir='ltr'><strong>OIROGRAPHUM.</strong></span> 
     </span>
    </p>
   </div>
   <div class='ocr_carea' id='block_1_5' title="bbox 228 1278 1711 2214">
    <p class='ocr_par' dir='ltr' id='par_1_9' title="bbox 228 1278 1711 2214">
     <span class='ocr_line' id='line_1_18' title="bbox 274 1278 1707 1319; baseline -0.004 -5"><span class='ocrx_word' id='word_1_180' title='bbox 274 1282 347 1315; x_wconf 88' lang='lat' dir='ltr'>Hec</span> <span class='ocrx_word' id='word_1_181' title='bbox 362 1284 410 1314; x_wconf 78' lang='lat' dir='ltr'>est</span> <span class='ocrx_word' id='word_1_182' title='bbox 425 1282 596 1314; x_wconf 80' lang='lat' dir='ltr'>convencio</span> <span class='ocrx_word' id='word_1_183' title='bbox 612 1282 699 1313; x_wconf 78' lang='lat' dir='ltr'>facta</span> <span class='ocrx_word' id='word_1_184' title='bbox 714 1281 801 1313; x_wconf 89' lang='lat' dir='ltr'>inter</span> <span class='ocrx_word' id='word_1_185' title='bbox 816 1280 966 1312; x_wconf 82' lang='lat' dir='ltr'>abbatem</span> <span class='ocrx_word' id='word_1_186' title='bbox 982 1284 1013 1311; x_wconf 88' lang='lat' dir='ltr'>et</span> <span class='ocrx_word' id='word_1_187' title='bbox 1030 1281 1223 1311; x_wconf 88' lang='lat' dir='ltr'>conventum</span> <span class='ocrx_word' id='word_1_188' title='bbox 1238 1279 1278 1310; x_wconf 90' lang='lat' dir='ltr'>de</span> <span class='ocrx_word' id='word_1_189' title='bbox 1294 1278 1450 1310; x_wconf 72' lang='lat' dir='ltr'>MARGAN</span> <span class='ocrx_word' id='word_1_190' title='bbox 1467 1289 1507 1309; x_wconf 83' lang='lat' dir='ltr'>ex</span> <span class='ocrx_word' id='word_1_191' title='bbox 1528 1289 1593 1309; x_wconf 84' lang='lat' dir='ltr'>una</span> <span class='ocrx_word' id='word_1_192' title='bbox 1617 1279 1707 1319; x_wconf 84' lang='lat' dir='ltr'>parte</span> 
     </span>
     <span class='ocr_line' id='line_1_19' title="bbox 228 1346 1711 1394; baseline -0.005 -10"><span class='ocrx_word' id='word_1_193' title='bbox 228 1352 434 1394; x_wconf 79' lang='lat' dir='ltr'>recipientem</span> <span class='ocrx_word' id='word_1_194' title='bbox 455 1377 461 1382; x_wconf 89' lang='lat'>.</span> <span class='ocrx_word' id='word_1_195' title='bbox 479 1354 511 1383; x_wconf 87' lang='lat' dir='ltr'>et</span> <span class='ocrx_word' id='word_1_196' title='bbox 527 1350 755 1383; x_wconf 78' lang='lat' dir='ltr'>WILLELMUM</span> <span class='ocrx_word' id='word_1_197' title='bbox 780 1350 1013 1382; x_wconf 64' lang='lat' dir='ltr'>FRANxmmN</span> <span class='ocrx_word' id='word_1_198' title='bbox 1038 1349 1220 1381; x_wconf 76' lang='lat' dir='ltr'>tradentem</span> <span class='ocrx_word' id='word_1_199' title='bbox 1244 1359 1283 1380; x_wconf 83' lang='lat' dir='ltr'>ex</span> <span class='ocrx_word' id='word_1_200' title='bbox 1307 1348 1408 1379; x_wconf 76' lang='lat' dir='ltr'>altera</span> <span class='ocrx_word' id='word_1_201' title='bbox 1429 1372 1434 1378; x_wconf 92' lang='lat'>.</span> <span class='ocrx_word' id='word_1_202' title='bbox 1452 1346 1602 1378; x_wconf 85' lang='lat' dir='ltr'>videlicet</span> <span class='ocrx_word' id='word_1_203' title='bbox 1625 1347 1711 1388; x_wconf 87' lang='lat' dir='ltr'>quod</span> 
     </span>
     <span class='ocr_line' id='line_1_20' title="bbox 229 1417 1710 1454; baseline -0.004 -1"><span class='ocrx_word' id='word_1_204' title='bbox 229 1422 335 1454; x_wconf 81' lang='lat' dir='ltr'>dietus</span> <span class='ocrx_word' id='word_1_205' title='bbox 350 1420 566 1453; x_wconf 80' lang='lat' dir='ltr'>WILLELMUS</span> <span class='ocrx_word' id='word_1_206' title='bbox 581 1419 676 1452; x_wconf 87' lang='lat' dir='ltr'>dictis</span> <span class='ocrx_word' id='word_1_207' title='bbox 692 1419 802 1452; x_wconf 81' lang='lat' dir='ltr'>abbati</span> <span class='ocrx_word' id='word_1_208' title='bbox 828 1424 860 1451; x_wconf 84' lang='lat' dir='ltr'>et</span> <span class='ocrx_word' id='word_1_209' title='bbox 885 1418 1057 1451; x_wconf 87' lang='lat' dir='ltr'>conventui</span> <span class='ocrx_word' id='word_1_210' title='bbox 1081 1417 1260 1449; x_wconf 78' lang='lat' dir='ltr'>invadiavit</span> <span class='ocrx_word' id='word_1_211' title='bbox 1286 1427 1385 1448; x_wconf 84' lang='lat' dir='ltr'>unam</span> <span class='ocrx_word' id='word_1_212' title='bbox 1413 1427 1520 1448; x_wconf 81' lang='lat' dir='ltr'>aeram</span> <span class='ocrx_word' id='word_1_213' title='bbox 1546 1417 1630 1447; x_wconf 86' lang='lat' dir='ltr'>terre</span> <span class='ocrx_word' id='word_1_214' title='bbox 1655 1426 1710 1447; x_wconf 89' lang='lat' dir='ltr'>sue</span> 
     </span>
     <span class='ocr_line' id='line_1_21' title="bbox 229 1484 1709 1533; baseline -0.005 -11"><span class='ocrx_word' id='word_1_215' title='bbox 229 1502 302 1523; x_wconf 91' lang='lat' dir='ltr'>cum</span> <span class='ocrx_word' id='word_1_216' title='bbox 318 1488 524 1533; x_wconf 77' lang='lat' dir='ltr'>pertinenciis</span> <span class='ocrx_word' id='word_1_217' title='bbox 536 1515 542 1520; x_wconf 95' lang='lat'>.</span> <span class='ocrx_word' id='word_1_218' title='bbox 554 1489 729 1520; x_wconf 86' lang='lat' dir='ltr'>tenendam</span> <span class='ocrx_word' id='word_1_219' title='bbox 742 1490 774 1520; x_wconf 89' lang='lat' dir='ltr'>et</span> <span class='ocrx_word' id='word_1_220' title='bbox 785 1488 969 1520; x_wconf 81' lang='lat' dir='ltr'>habendam</span> <span class='ocrx_word' id='word_1_221' title='bbox 981 1499 1000 1519; x_wconf 81' lang='lat' dir='ltr'>a</span> <span class='ocrx_word' id='word_1_222' title='bbox 1011 1487 1093 1519; x_wconf 78' lang='lat' dir='ltr'>festo</span> <span class='ocrx_word' id='word_1_223' title='bbox 1106 1486 1215 1519; x_wconf 81' lang='lat' dir='ltr'>Sancti</span> <span class='ocrx_word' id='word_1_224' title='bbox 1232 1485 1386 1518; x_wconf 43' lang='lat' dir='ltr'>Minaeum</span> <span class='ocrx_word' id='word_1_225' title='bbox 1402 1484 1608 1527; x_wconf 79' lang='lat' dir='ltr'>ewangeliste</span> <span class='ocrx_word' id='word_1_226' title='bbox 1623 1495 1709 1516; x_wconf 91' lang='lat' dir='ltr'>anno</span> 
     </span>
     <span class='ocr_line' id='line_1_22' title="bbox 230 1553 1708 1600; baseline -0.005 -9"><span class='ocrx_word' id='word_1_227' title='bbox 230 1559 353 1592; x_wconf 78' lang='lat' dir='ltr'>domini</span> <span class='ocrx_word' id='word_1_228' title='bbox 376 1564 421 1590; x_wconf 64' lang='grc' dir='ltr'>ΜΟ·</span> <span class='ocrx_word' id='word_1_229' title='bbox 440 1564 493 1589; x_wconf 76' lang='lat'>00⁰·</span> <span class='ocrx_word' id='word_1_230' title='bbox 513 1557 780 1600; x_wconf 81' lang='lat' dir='ltr'>quinquagesimo</span> <span class='ocrx_word' id='word_1_231' title='bbox 803 1560 914 1589; x_wconf 87' lang='lat' dir='ltr'>octavo</span> <span class='ocrx_word' id='word_1_232' title='bbox 935 1567 1036 1598; x_wconf 84' lang='lat' dir='ltr'>usque</span> <span class='ocrx_word' id='word_1_233' title='bbox 1056 1556 1096 1587; x_wconf 84' lang='lat' dir='ltr'>ad</span> <span class='ocrx_word' id='word_1_234' title='bbox 1112 1555 1211 1587; x_wconf 78' lang='lat' dir='ltr'>finem</span> <span class='ocrx_word' id='word_1_235' title='bbox 1226 1554 1363 1597; x_wconf 82' lang='lat' dir='ltr'>triginta</span> <span class='ocrx_word' id='word_1_236' title='bbox 1380 1564 1540 1586; x_wconf 85' lang='lat' dir='ltr'>annorum</span> <span class='ocrx_word' id='word_1_237' title='bbox 1556 1553 1708 1585; x_wconf 77' lang='lat' dir='ltr'>continue</span> 
     </span>
     <span class='ocr_line' id='line_1_23' title="bbox 231 1622 1710 1670; baseline -0.005 -10"><span class='ocrx_word' id='word_1_238' title='bbox 231 1627 495 1670; x_wconf 83' lang='lat' dir='ltr'>subsequentium</span> <span class='ocrx_word' id='word_1_239' title='bbox 512 1653 518 1659; x_wconf 90' lang='lat'>.</span> <span class='ocrx_word' id='word_1_240' title='bbox 536 1638 593 1668; x_wconf 88' lang='lat' dir='ltr'>pro</span> <span class='ocrx_word' id='word_1_241' title='bbox 611 1638 678 1658; x_wconf 85' lang='lat' dir='ltr'>una</span> <span class='ocrx_word' id='word_1_242' title='bbox 698 1637 806 1658; x_wconf 82' lang='lat' dir='ltr'>marca</span> <span class='ocrx_word' id='word_1_243' title='bbox 825 1625 953 1668; x_wconf 84' lang='lat' dir='ltr'>argenti</span> <span class='ocrx_word' id='word_1_244' title='bbox 978 1625 1037 1657; x_wconf 88' lang='lat' dir='ltr'>sibi</span> <span class='ocrx_word' id='word_1_245' title='bbox 1060 1624 1101 1656; x_wconf 87' lang='lat' dir='ltr'>ab</span> <span class='ocrx_word' id='word_1_246' title='bbox 1124 1624 1244 1656; x_wconf 81' lang='lat' dir='ltr'>eisdem</span> <span class='ocrx_word' id='word_1_247' title='bbox 1267 1622 1473 1665; x_wconf 79' lang='lat' dir='ltr'>premanibus</span> <span class='ocrx_word' id='word_1_248' title='bbox 1493 1626 1607 1664; x_wconf 83' lang='lat' dir='ltr'>pacata</span> <span class='ocrx_word' id='word_1_249' title='bbox 1624 1649 1629 1654; x_wconf 94' lang='lat'>.</span> <span class='ocrx_word' id='word_1_250' title='bbox 1648 1633 1710 1664; x_wconf 91' lang='lat' dir='ltr'>que</span> 
     </span>
     <span class='ocr_line' id='line_1_24' title="bbox 230 1692 1707 1739; baseline -0.005 -10"><span class='ocrx_word' id='word_1_251' title='bbox 230 1697 350 1730; x_wconf 83' lang='lat' dir='ltr'>scilicet</span> <span class='ocrx_word' id='word_1_252' title='bbox 365 1697 451 1739; x_wconf 78' lang='lat' dir='ltr'>jacet</span> <span class='ocrx_word' id='word_1_253' title='bbox 465 1696 551 1728; x_wconf 84' lang='lat' dir='ltr'>inter</span> <span class='ocrx_word' id='word_1_254' title='bbox 566 1695 623 1727; x_wconf 82' lang='lat' dir='ltr'>has</span> <span class='ocrx_word' id='word_1_255' title='bbox 639 1695 758 1727; x_wconf 84' lang='lat' dir='ltr'>divisas</span> <span class='ocrx_word' id='word_1_256' title='bbox 774 1698 806 1727; x_wconf 88' lang='lat' dir='ltr'>et</span> <span class='ocrx_word' id='word_1_257' title='bbox 822 1706 854 1727; x_wconf 88' lang='lat' dir='ltr'>se</span> <span class='ocrx_word' id='word_1_258' title='bbox 870 1694 1018 1726; x_wconf 81' lang='lat' dir='ltr'>extendit</span> <span class='ocrx_word' id='word_1_259' title='bbox 1033 1694 1067 1725; x_wconf 89' lang='lat' dir='ltr'>in</span> <span class='ocrx_word' id='word_1_260' title='bbox 1083 1694 1219 1735; x_wconf 88' lang='lat' dir='ltr'>longum</span> <span class='ocrx_word' id='word_1_261' title='bbox 1235 1703 1343 1724; x_wconf 85' lang='lat' dir='ltr'>versus</span> <span class='ocrx_word' id='word_1_262' title='bbox 1361 1692 1528 1723; x_wconf 75' lang='lat' dir='ltr'>GOYLAKE</span> <span class='ocrx_word' id='word_1_263' title='bbox 1553 1703 1591 1723; x_wconf 87' lang='lat' dir='ltr'>ex</span> <span class='ocrx_word' id='word_1_264' title='bbox 1615 1693 1707 1733; x_wconf 87' lang='lat' dir='ltr'>parte</span> 
     </span>
     <span class='ocr_line' id='line_1_25' title="bbox 232 1760 1709 1807; baseline -0.005 -9"><span class='ocrx_word' id='word_1_265' title='bbox 232 1766 366 1799; x_wconf 81' lang='lat' dir='ltr'>australi</span> <span class='ocrx_word' id='word_1_266' title='bbox 384 1792 390 1798; x_wconf 92' lang='lat'><em>.</em></span> <span class='ocrx_word' id='word_1_267' title='bbox 408 1767 441 1797; x_wconf 90' lang='lat' dir='ltr'>et</span> <span class='ocrx_word' id='word_1_268' title='bbox 455 1777 495 1797; x_wconf 83' lang='lat' dir='ltr'>ex</span> <span class='ocrx_word' id='word_1_269' title='bbox 510 1766 601 1807; x_wconf 86' lang='lat' dir='ltr'>parte</span> <span class='ocrx_word' id='word_1_270' title='bbox 616 1764 736 1796; x_wconf 85' lang='lat' dir='ltr'>boreali</span> <span class='ocrx_word' id='word_1_271' title='bbox 753 1775 861 1796; x_wconf 86' lang='lat' dir='ltr'>versus</span> <span class='ocrx_word' id='word_1_272' title='bbox 877 1763 929 1795; x_wconf 82' lang='lat' dir='ltr'>LA</span> <span class='ocrx_word' id='word_1_273' title='bbox 946 1763 1098 1796; x_wconf 77' lang='lat' dir='ltr'>ScmLUE</span> <span class='ocrx_word' id='word_1_274' title='bbox 1117 1788 1122 1793; x_wconf 90' lang='lat'><em>.</em></span> <span class='ocrx_word' id='word_1_275' title='bbox 1141 1763 1173 1794; x_wconf 86' lang='lat' dir='ltr'>et</span> <span class='ocrx_word' id='word_1_276' title='bbox 1194 1761 1228 1793; x_wconf 90' lang='lat' dir='ltr'>in</span> <span class='ocrx_word' id='word_1_277' title='bbox 1249 1761 1353 1793; x_wconf 83' lang='lat' dir='ltr'>latum</span> <span class='ocrx_word' id='word_1_278' title='bbox 1374 1760 1460 1803; x_wconf 75' lang='lat' dir='ltr'>jacet</span> <span class='ocrx_word' id='word_1_279' title='bbox 1482 1761 1567 1792; x_wconf 84' lang='lat' dir='ltr'>inter</span> <span class='ocrx_word' id='word_1_280' title='bbox 1589 1762 1709 1792; x_wconf 84' lang='lat' dir='ltr'>terram</span> 
     </span>
     <span class='ocr_line' id='line_1_26' title="bbox 232 1830 1709 1876; baseline -0.005 -8"><span class='ocrx_word' id='word_1_281' title='bbox 232 1836 389 1869; x_wconf 81' lang='lat' dir='ltr'><strong>HENRICI</strong></span> <span class='ocrx_word' id='word_1_282' title='bbox 406 1835 554 1868; x_wconf 64' lang='lat' dir='ltr'><strong>VAanN</strong></span> <span class='ocrx_word' id='word_1_283' title='bbox 578 1860 584 1866; x_wconf 94' lang='lat'>.</span> <span class='ocrx_word' id='word_1_284' title='bbox 607 1834 710 1876; x_wconf 83' lang='lat' dir='ltr'>ipsam</span> <span class='ocrx_word' id='word_1_285' title='bbox 733 1833 872 1866; x_wconf 84' lang='lat' dir='ltr'>vicinam</span> <span class='ocrx_word' id='word_1_286' title='bbox 895 1832 1016 1865; x_wconf 86' lang='lat' dir='ltr'>habens</span> <span class='ocrx_word' id='word_1_287' title='bbox 1040 1843 1079 1864; x_wconf 83' lang='lat' dir='ltr'>ex</span> <span class='ocrx_word' id='word_1_288' title='bbox 1102 1834 1193 1874; x_wconf 87' lang='lat' dir='ltr'>parte</span> <span class='ocrx_word' id='word_1_289' title='bbox 1216 1830 1405 1862; x_wconf 82' lang='lat' dir='ltr'>occidentali</span> <span class='ocrx_word' id='word_1_290' title='bbox 1429 1856 1434 1861; x_wconf 94' lang='lat'>.</span> <span class='ocrx_word' id='word_1_291' title='bbox 1458 1842 1497 1862; x_wconf 83' lang='lat' dir='ltr'>ex</span> <span class='ocrx_word' id='word_1_292' title='bbox 1520 1832 1611 1872; x_wconf 82' lang='lat' dir='ltr'>parte</span> <span class='ocrx_word' id='word_1_293' title='bbox 1634 1840 1709 1861; x_wconf 82' lang='lat' dir='ltr'>vero</span> 
     </span>
     <span class='ocr_line' id='line_1_27' title="bbox 234 1898 1708 1941; baseline -0.005 -4"><span class='ocrx_word' id='word_1_294' title='bbox 234 1905 382 1938; x_wconf 86' lang='lat' dir='ltr'>orientali</span> <span class='ocrx_word' id='word_1_295' title='bbox 419 1906 538 1936; x_wconf 86' lang='lat' dir='ltr'>terram</span> <span class='ocrx_word' id='word_1_296' title='bbox 577 1903 654 1935; x_wconf 87' lang='lat' dir='ltr'>dicti</span> <span class='ocrx_word' id='word_1_297' title='bbox 692 1902 817 1935; x_wconf 81' lang='lat' dir='ltr'>abbatis</span> <span class='ocrx_word' id='word_1_298' title='bbox 855 1905 888 1934; x_wconf 88' lang='lat' dir='ltr'>et</span> <span class='ocrx_word' id='word_1_299' title='bbox 918 1904 1102 1934; x_wconf 81' lang='lat' dir='ltr'>conventus.</span> <span class='ocrx_word' id='word_1_300' title='bbox 1165 1899 1210 1932; x_wconf 80' lang='lat' dir='ltr'>Et</span> <span class='ocrx_word' id='word_1_301' title='bbox 1241 1899 1406 1932; x_wconf 85' lang='lat' dir='ltr'>sciendum</span> <span class='ocrx_word' id='word_1_302' title='bbox 1437 1899 1524 1941; x_wconf 87' lang='lat' dir='ltr'>quod</span> <span class='ocrx_word' id='word_1_303' title='bbox 1551 1898 1577 1930; x_wconf 87' lang='lat' dir='ltr'>si</span> <span class='ocrx_word' id='word_1_304' title='bbox 1604 1898 1708 1930; x_wconf 87' lang='lat' dir='ltr'>dictus</span> 
     </span>
     <span class='ocr_line' id='line_1_28' title="bbox 234 1967 1706 2012; baseline -0.006 -5"><span class='ocrx_word' id='word_1_305' title='bbox 234 1974 450 2008; x_wconf 80' lang='lat' dir='ltr'>WlLLELMUS</span> <span class='ocrx_word' id='word_1_306' title='bbox 480 1974 531 2005; x_wconf 84' lang='lat' dir='ltr'>vel</span> <span class='ocrx_word' id='word_1_307' title='bbox 562 1973 693 2005; x_wconf 87' lang='lat' dir='ltr'>heredes</span> <span class='ocrx_word' id='word_1_308' title='bbox 724 1972 773 2004; x_wconf 87' lang='lat' dir='ltr'>sui</span> <span class='ocrx_word' id='word_1_309' title='bbox 798 1971 918 2004; x_wconf 80' lang='lat' dir='ltr'>dictam</span> <span class='ocrx_word' id='word_1_310' title='bbox 945 1981 1051 2002; x_wconf 86' lang='lat' dir='ltr'>acram</span> <span class='ocrx_word' id='word_1_311' title='bbox 1074 1972 1146 2012; x_wconf 87' lang='lat' dir='ltr'>post</span> <span class='ocrx_word' id='word_1_312' title='bbox 1171 1969 1295 2001; x_wconf 85' lang='lat' dir='ltr'>dictum</span> <span class='ocrx_word' id='word_1_313' title='bbox 1326 1968 1500 2000; x_wconf 78' lang='lat' dir='ltr'>terminum</span> <span class='ocrx_word' id='word_1_314' title='bbox 1525 1967 1706 2009; x_wconf 75' lang='lat' dir='ltr'>acquietare</span> 
     </span>
     <span class='ocr_line' id='line_1_29' title="bbox 236 2035 1710 2081; baseline -0.005 -6"><span class='ocrx_word' id='word_1_315' title='bbox 236 2043 415 2076; x_wconf 87' lang='lat' dir='ltr'>voluerint:</span> <span class='ocrx_word' id='word_1_316' title='bbox 440 2043 560 2074; x_wconf 88' lang='lat' dir='ltr'>dictam</span> <span class='ocrx_word' id='word_1_317' title='bbox 577 2053 718 2074; x_wconf 84' lang='lat' dir='ltr'>marcam</span> <span class='ocrx_word' id='word_1_318' title='bbox 739 2052 812 2073; x_wconf 88' lang='lat' dir='ltr'>cum</span> <span class='ocrx_word' id='word_1_319' title='bbox 833 2043 921 2072; x_wconf 82' lang='lat' dir='ltr'>custo</span> <span class='ocrx_word' id='word_1_320' title='bbox 944 2038 1177 2072; x_wconf 84' lang='lat' dir='ltr'>melioracionis</span> <span class='ocrx_word' id='word_1_321' title='bbox 1202 2037 1347 2081; x_wconf 86' lang='lat' dir='ltr'>ejusdem</span> <span class='ocrx_word' id='word_1_322' title='bbox 1374 2039 1457 2069; x_wconf 88' lang='lat' dir='ltr'>terre</span> <span class='ocrx_word' id='word_1_323' title='bbox 1482 2036 1576 2068; x_wconf 79' lang='lat' dir='ltr'>dictis</span> <span class='ocrx_word' id='word_1_324' title='bbox 1601 2035 1710 2068; x_wconf 83' lang='lat' dir='ltr'>abbati</span> 
     </span>
     <span class='ocr_line' id='line_1_30' title="bbox 235 2104 1711 2153; baseline -0.005 -9"><span class='ocrx_word' id='word_1_325' title='bbox 235 2115 267 2145; x_wconf 84' lang='lat' dir='ltr'>et</span> <span class='ocrx_word' id='word_1_326' title='bbox 283 2112 454 2144; x_wconf 87' lang='lat' dir='ltr'>conventui</span> <span class='ocrx_word' id='word_1_327' title='bbox 468 2111 648 2144; x_wconf 84' lang='lat' dir='ltr'>restituent.</span> <span class='ocrx_word' id='word_1_328' title='bbox 696 2109 842 2153; x_wconf 82' lang='lat' dir='ltr'>Singulis</span> <span class='ocrx_word' id='word_1_329' title='bbox 857 2111 967 2141; x_wconf 86' lang='lat' dir='ltr'>tamen</span> <span class='ocrx_word' id='word_1_330' title='bbox 982 2108 1076 2140; x_wconf 85' lang='lat' dir='ltr'>annis</span> <span class='ocrx_word' id='word_1_331' title='bbox 1096 2118 1153 2150; x_wconf 87' lang='lat' dir='ltr'>per</span> <span class='ocrx_word' id='word_1_332' title='bbox 1173 2107 1348 2139; x_wconf 88' lang='lat' dir='ltr'>terminum</span> <span class='ocrx_word' id='word_1_333' title='bbox 1372 2105 1535 2148; x_wconf 77' lang='lat' dir='ltr'>prefatum</span> <span class='ocrx_word' id='word_1_334' title='bbox 1560 2105 1600 2136; x_wconf 89' lang='lat' dir='ltr'>de</span> <span class='ocrx_word' id='word_1_335' title='bbox 1625 2104 1711 2136; x_wconf 78' lang='lat' dir='ltr'>diota</span> 
     </span>
     <span class='ocr_line' id='line_1_31' title="bbox 235 2173 1710 2214; baseline -0.006 0"><span class='ocrx_word' id='word_1_336' title='bbox 235 2193 342 2214; x_wconf 86' lang='lat' dir='ltr'>marea</span> <span class='ocrx_word' id='word_1_337' title='bbox 371 2180 502 2213; x_wconf 88' lang='lat' dir='ltr'>nomine</span> <span class='ocrx_word' id='word_1_338' title='bbox 531 2179 676 2212; x_wconf 77' lang='lat' dir='ltr'>redditus</span> <span class='ocrx_word' id='word_1_339' title='bbox 705 2179 771 2211; x_wconf 86' lang='lat' dir='ltr'>duo</span> <span class='ocrx_word' id='word_1_340' title='bbox 801 2178 927 2211; x_wconf 86' lang='lat' dir='ltr'>denarii</span> <span class='ocrx_word' id='word_1_341' title='bbox 950 2177 1167 2210; x_wconf 82' lang='lat' dir='ltr'>remittantur.</span> <span class='ocrx_word' id='word_1_342' title='bbox 1213 2175 1260 2208; x_wconf 80' lang='lat' dir='ltr'>Et</span> <span class='ocrx_word' id='word_1_343' title='bbox 1286 2175 1392 2208; x_wconf 83' lang='lat' dir='ltr'>dictus</span> <span class='ocrx_word' id='word_1_344' title='bbox 1418 2173 1635 2208; x_wconf 70' lang='lat' dir='ltr'>Wmmmms</span> <span class='ocrx_word' id='word_1_345' title='bbox 1659 2173 1710 2205; x_wconf 87' lang='lat' dir='ltr'>vel</span> 
     </span>
    </p>
   </div>
   <div class='ocr_carea' id='block_1_6' title="bbox 235 2243 1712 2290">
    <p class='ocr_par' dir='ltr' id='par_1_10' title="bbox 235 2243 1712 2290">
     <span class='ocr_line' id='line_1_32' title="bbox 235 2243 1712 2290; baseline -0.006 -7"><span class='ocrx_word' id='word_1_346' title='bbox 235 2250 367 2283; x_wconf 81' lang='lat' dir='ltr'>heredes</span> <span class='ocrx_word' id='word_1_347' title='bbox 381 2249 431 2282; x_wconf 87' lang='lat' dir='ltr'>sui</span> <span class='ocrx_word' id='word_1_348' title='bbox 446 2248 566 2281; x_wconf 70' lang='lat' dir='ltr'>dictam</span> <span class='ocrx_word' id='word_1_349' title='bbox 581 2258 688 2280; x_wconf 78' lang='lat' dir='ltr'>acram</span> <span class='ocrx_word' id='word_1_350' title='bbox 703 2258 777 2280; x_wconf 90' lang='lat' dir='ltr'>cum</span> <span class='ocrx_word' id='word_1_351' title='bbox 791 2246 998 2290; x_wconf 84' lang='lat' dir='ltr'>pertinenciis</span> <span class='ocrx_word' id='word_1_352' title='bbox 1014 2246 1109 2278; x_wconf 84' lang='lat' dir='ltr'>dictis</span> <span class='ocrx_word' id='word_1_353' title='bbox 1132 2245 1244 2278; x_wconf 82' lang='lat' dir='ltr'>abbati</span> <span class='ocrx_word' id='word_1_354' title='bbox 1269 2246 1302 2277; x_wconf 90' lang='lat' dir='ltr'>et</span> <span class='ocrx_word' id='word_1_355' title='bbox 1327 2243 1500 2276; x_wconf 87' lang='lat' dir='ltr'>conventui</span> <span class='ocrx_word' id='word_1_356' title='bbox 1526 2253 1582 2285; x_wconf 87' lang='lat' dir='ltr'>per</span> <span class='ocrx_word' id='word_1_357' title='bbox 1605 2243 1712 2274; x_wconf 84' lang='lat' dir='ltr'>totum</span> 
     </span>
    </p>
   </div>
  </div>
 </body>
</html>
