1998 2724
1521 136 1583 166 387

150 304 213 346 ipsi
242 314 314 335 eam
345 302 485 334 habeant
515 304 618 333 totam
643 325 780 332 ......
809 298 960 342 [pu]ram
991 296 1199 329 elemosinam
1226 320 1231 325 .
1259 293 1393 326 liberam
1424 295 1456 325 et
1487 293 1629 335 quietam

151 372 191 405 ab
223 371 310 405 omni
341 370 471 403 servitio
502 372 534 402 et
559 369 693 402 seculari
721 369 886 400 exactione
915 393 920 399 .
950 378 1006 409 per
1031 366 1139 398 omnia
1163 365 1246 396 sicut
1273 375 1332 406 ego
1360 374 1431 394 eam
1456 362 1570 394 melius
1598 366 1630 394 et

151 441 310 484 integrius
341 451 485 482 unquam
510 464 647 471 ......
672 439 706 470 in
738 438 838 480 pratis
864 463 868 468 .
895 440 927 468 et
953 435 1092 478 pasturis
1123 436 1154 466 et
1181 433 1294 466 ceteris
1320 431 1527 474 pertinenciis
1553 432 1627 463 suis.

152 510 198 543 Et
229 510 255 542 si
286 509 417 551 aliquod
447 507 616 540 servitium
648 507 714 538 sive
746 506 869 538 domini
901 504 1003 547 Regis
1032 503 1098 536 sive
1133 502 1258 535 comitis
1290 526 1424 533 ......
1461 499 1631 543 [for]sitan

148 580 223 611 inde
247 578 346 611 fuerit
368 577 543 619 aliquando
566 576 755 618 requisitum
783 601 789 606 .
815 586 874 617 ego
898 577 929 605 et
952 573 1085 605 heredes
1106 573 1168 603 mei
1190 571 1272 603 illud
1288 569 1547 612 adquietabimus
1564 595 1570 600 .
1588 572 1626 601 ut

153 648 302 680 monachi
319 647 384 679 sint
405 646 446 678 ab
464 671 600 677 ......
649 644 734 677 Sane
757 656 817 686 ego
841 647 873 675 et
895 643 1028 675 heredes
1050 642 1114 674 mei
1136 640 1296 683 prefatam
1319 640 1402 672 hanc
1426 640 1633 671 donationem

153 728 260 750 meam
282 727 381 759 quam
404 715 466 748 feci
489 726 547 758 pro
571 715 680 746 anima
704 714 804 755 patris
827 713 891 744 mei
914 715 946 744 et
971 712 1083 744 matris
1109 710 1194 753 [mee
1216 709 1283 752 vel]
1303 709 1493 742 WILLELMl
1510 709 1636 741 comitis

155 789 188 818 et
225 788 460 818 antecessorum
498 795 642 816 meorum
682 786 713 814 et
753 793 966 814 successorum
1005 779 1170 812 monachis
1208 777 1488 811 warantizabimus
1525 780 1636 810 contra

157 866 268 887 omnes
298 854 453 886 homines.
516 853 612 888 Quod
646 852 689 895 [si
721 877 961 883 ..........
995 849 1077 892 11011]
1119 849 1294 891 poterimus
1327 874 1333 880 .
1367 848 1442 890 ipsis
1473 847 1638 879 monachis

156 935 211 956 xx.
234 935 357 956 marcas
381 949 387 955 .
414 923 541 966 argenti
559 948 565 954 .
583 923 773 954 reddemus.
789 932 868 963 quas
893 920 990 952 miehi
1014 919 1173 951 dederunt
1199 944 1204 949 .
1230 929 1299 949 mee
1322 928 1440 960 magne
1457 916 1638 949 necessitati

159 993 412 1035 compatientes.
434 991 511 1035 [a]d
528 991 750 1023 redimendam
770 993 802 1022 et
826 990 1076 1032 recuperandam
1101 991 1218 1019 terram
1242 998 1347 1019 meam
1372 992 1402 1018 et
1427 986 1638 1018 hereditatem

160 1063 195 1095 in
210 1061 351 1094 ANGLIA
369 1088 374 1093 .
393 1073 454 1103 que
470 1063 556 1093 terra
572 1063 705 1093 vocatur
722 1060 918 1092 Mssnsmm.
966 1057 1125 1090 Testibus.

205 1131 427 1163 Endorsed—‘
443 1156 579 1162 ......
597 1130 733 1162 bervilla
749 1130 789 1161 de
805 1132 891 1161 terra
906 1129 946 1160 de
962 1127 1136 1160 Coitcarth.

800 1501 1009 1534 GOCXGIV.

190 1586 353 1619 GRANT
384 1586 448 1618 BY
479 1586 625 1618 HUGH
658 1586 722 1617 DE
749 1583 1076 1617 LANTCARVAN
1101 1582 1160 1614 OF
1184 1581 1370 1615 THIRTY
1393 1582 1544 1614 AORES
1568 1582 1622 1614 IN

450 1654 814 1688 LANTMEUTHIN
849 1653 907 1686 To
941 1652 1152 1685 MARGAM
1184 1651 1357 1684 ABBEY.

708 1736 881 1780 [MARGAM
915 1734 1109 1777 CHARTER]

212 1819 481 1852 Reverentissimo
518 1820 603 1861 patri
635 1831 691 1850 suo
717 1818 949 1861 W[1LLELMO]
977 1817 1038 1849 Dei
1063 1817 1169 1860 gratia
1193 1816 1419 1848 LANDAVENSI
1442 1817 1589 1859 episcopo
1612 1820 1644 1849 et

166 1889 315 1921 omnibus
331 1888 446 1920 Sancte
462 1889 589 1920 ecclesie
613 1888 762 1920 fidelibus
785 1889 826 1920 ad
849 1899 928 1929 quos
951 1898 1080 1929 presens
1099 1891 1186 1918 carta
1210 1887 1392 1928 pervenerit
1418 1886 1523 1918 Huoo
1558 1886 1643 1919 filius

168 1959 347 1991 RODBERTI
363 1958 402 1990 de
418 1957 651 2000 LANTCAJWAN
670 1957 816 1989 salutem.

211 2027 337 2060 Notum
353 2027 394 2058 sit
411 2026 612 2058 universitati
630 2029 731 2058 vestre
747 2027 833 2068 quod
850 2038 910 2068 ego
926 2038 983 2068 pro
999 2026 1102 2057 salute
1118 2026 1225 2057 anime
1241 2037 1310 2057 mee
1334 2029 1366 2057 et
1390 2025 1491 2067 patris
1517 2037 1587 2057 mee
1612 2028 1644 2057 et

168 2097 280 2129 matris
296 2107 365 2128 mee
382 2121 388 2127 .
406 2098 438 2127 et
454 2099 688 2127 antecessorum
704 2107 827 2127 necnon
846 2099 878 2127 et
895 2106 1110 2127 successorum
1132 2106 1278 2126 meorum
1301 2094 1376 2126 dedi
1397 2096 1430 2126 et
1448 2095 1586 2126 concessi
1612 2097 1645 2126 et

167 2165 226 2197 hac
249 2176 320 2197 mea
343 2167 430 2196 carta
453 2164 638 2196 confirmavi
662 2164 732 2196 Deo
756 2168 788 2196 et
810 2164 939 2196 ecclesie
963 2164 1003 2196 B.
1028 2163 1075 2195 M.
1101 2165 1140 2195 de
1164 2163 1318 2195 MARGAN
1343 2167 1375 2195 et
1397 2175 1440 2195 m.
1463 2164 1483 2194 i.
1505 2164 1544 2194 l).
1563 2175 1585 2195 s.
1604 2164 1643 2195 de

166 2234 268 2266 libero
284 2236 467 2266 tenemento
483 2244 554 2265 meo
570 2235 667 2264 xxxta*
693 2245 781 2265 acras
804 2236 886 2265 terre
910 2244 980 2264 mee
1004 2245 1065 2275 que
1089 2233 1299 2275 proximiores
1322 2235 1397 2264 sunt
1419 2235 1501 2264 terre
1525 2244 1580 2264 sue
1605 2233 1645 2265 de
