1998 2724
293 168 356 198 270

249 325 293 357 Et
310 336 370 366 ego
391 328 423 356 et
443 324 576 356 heredes
599 323 663 355 mei
687 321 967 354 warantizabimus
988 321 1065 363 ipsis
1087 321 1251 353 monachis
1274 321 1330 353 hec
1354 322 1462 353 omnia
1486 325 1596 353 eontra
1619 333 1729 354 omnes

249 394 395 426 homines
418 394 451 424 in
479 395 681 435 perpetuum.
730 392 774 423 Et
802 402 858 433 pro
887 391 946 422 hae
971 390 1170 423 concessione
1197 402 1268 422 mea
1286 391 1465 422 ,dederunt
1480 390 1577 422 michi
1594 391 1729 433 predicti

251 462 399 495 monaehi
416 473 535 504 equum
553 487 559 493 .
577 473 602 493 J.
623 464 753 493 centum
770 460 944 492 solidorum
962 462 994 491 et
1010 471 1080 491 xxa.
1094 471 1217 491 mareas
1227 460 1266 492 de
1278 460 1408 492 redditu
1420 471 1491 492 meo
1501 459 1707 502 premanibus
1721 485 1727 492 .

248 532 367 564 scilicet
392 531 537 563 redditus
562 554 569 561 .
596 541 656 562 vm.
684 540 843 561 annornm
860 540 939 571 quos
969 528 1047 560 cessi
1079 528 1285 570 premanibus
1317 540 1402 561 anno
1436 528 1477 561 ab
1508 529 1730 561 incarnatione

248 601 383 633 Domini
401 627 406 632 .
427 605 473 631 1⁸1⁰*
493 606 547 632 cc0·
568 611 606 631 1J.
625 602 656 631 et
686 610 738 631 XL.
765 610 887 630 mareas
912 597 1094 630 NICHOLAO
1113 597 1223 630 anz
1250 609 1306 640 pro
1331 609 1382 629 me
1407 598 1449 630 ad
1467 598 1597 629 finalem
1617 608 1728 640 paoem

245 670 433 702 faciendum
457 671 496 701 de
520 669 634 701 elamio
668 669 753 710 quod
783 668 935 700 elamavit
964 668 1133 699 adversum
1163 679 1214 699 me
1245 668 1278 698 in
1305 667 1391 699 curia
1417 667 1541 699 domini
1566 667 1666 709 Regis
1687 668 1727 699 de

245 733 342 765 feudo
366 733 405 764 de
431 732 603 764 LANGEWI
622 758 627 763 .
647 734 679 764 et
696 732 800 763 eidem
817 731 1000 763 Nmnomo
1015 742 1073 773 pro
1088 742 1139 762 me
1155 741 1273 772 equum
1291 757 1297 762 .
1315 742 1340 762 J.
1359 730 1459 762 trium
1474 741 1653 762 mascarum
1671 756 1676 762 .
1696 732 1729 762 et

245 802 423 835 WAL'rnRo
440 802 561 833 LquL
578 812 698 843 equum
716 827 721 833 .
739 812 764 832 J.
780 801 915 832 duarum
934 811 1122 832 marcarum.
1171 799 1248 831 Hiis
1257 799 1392 831 testibus
1403 825 1409 831 .
1422 800 1553 831 domino
1565 799 1727 831 HENRlco

243 871 470 904 LANDAVENSI
490 871 636 913 episeopo
655 897 660 901 .
680 869 862 901 HAMUNno
878 870 917 901 de
933 869 1101 901 VALOan
1117 872 1193 901 tunc
1217 869 1335 901 ballivo
1359 869 1398 900 de
1425 868 1699 901 GLAMORGANCIA
1717 894 1724 901 .

243 941 410 973 Rinmmo
444 941 484 972 de
519 939 654 972 SUMERI
690 966 695 971 .
731 939 893 971 Hmmco
926 939 966 970 de
996 938 1223 970 UMFRANV1L’
1251 965 1256 969 .
1276 938 1446 970 PfflmPPo
1469 939 1508 970 de
1532 937 1694 970 MAReizos
1718 962 1725 970 .

243 1010 386 1042 PAGANo
412 1010 451 1041 de
472 1009 704 1041 TURBURVILE
722 1035 728 1040 .
747 1008 924 1041 WALTERO
940 1009 980 1040 de
997 1007 1076 1040 SUL’
1096 1034 1100 1039 .
1120 1007 1315 1040 WmAELMo
1330 1007 1479 1039 MARTEL
1498 1033 1503 1039 .
1522 1007 1664 1039 Romano
1688 1007 1728 1038 de

243 1079 458 1111 W1N'1·oN1A.
478 1079 646 1111 JOHANNE
662 1079 702 1110 de
726 1078 757 1109 la
783 1077 888 1109 Mum
914 1104 920 1109 .
946 1077 1101 1109 Rmfflno
1124 1067 1346 1108 FLANDRENNJ
1373 1103 1379 1108 .
1406 1076 1600 1109 WILLELMo
1624 1075 1689 1107 Son
1715 1102 1720 1107 .

244 1148 463 1181 GILLEBERTO
479 1149 518 1180 de
537 1147 754 1180 TURBURVIL'
773 1174 778 1179 .
798 1147 963 1179 mommo
978 1146 1123 1178 MAlLoc.

287 1217 360 1250 Seal
377 1218 447 1250 lost.

287 1287 510 1319 Endorsed—‘
523 1286 668 1319 Donatio
685 1287 724 1318 de
740 1286 835 1318 feodo
852 1287 891 1318 de
907 1285 1074 1328 Langewi.
1122 1285 1230 1317 David
1246 1284 1404 1327 Scmlagf

871 1456 1099 1489 CCLXXIII.

265 1539 636 1572 CONFIRMATION
681 1539 784 1572 AND
829 1539 992 1571 GRANT
1038 1539 1103 1571 BY
1149 1538 1303 1571 DAVID
1349 1537 1599 1570 SOURLAGE
1645 1538 1702 1570 TO

308 1609 521 1642 MARGAM
553 1609 718 1641 ABBEY
749 1609 808 1641 OF
839 1609 938 1641 THE
970 1609 1147 1642 WHOLE
1180 1608 1271 1640 FEE
1302 1607 1362 1640 OF
1392 1606 1664 1641 LLANGEWI.

789 1691 963 1734 [MARGAM
988 1690 1183 1733 CHARTER]
1299 1710 1302 1713 -
1379 1688 1561 1720 Pnossamv
1589 1688 1680 1720 1202.

285 1773 445 1806 Omnibus
462 1773 494 1805 S.
512 1785 537 1805 e.
556 1773 579 1804 f.
597 1785 628 1815 p.
648 1776 679 1805 et
696 1775 718 1804 f.
740 1773 856 1805 DAvm
873 1772 1052 1805 SCURLAGE
1069 1773 1214 1804 salutem.

284 1843 399 1875 Sciatis
416 1843 501 1884 quod
519 1854 579 1885 ego
595 1842 732 1874 concessi
748 1845 779 1874 et
796 1843 870 1874 dedi
887 1847 918 1874 et
934 1843 993 1874 hac
1010 1845 1098 1874 carta.
1114 1841 1299 1874 confirmavi
1319 1840 1389 1872 Deo
1411 1844 1442 1872 et
1466 1840 1594 1872 ecclesie
1618 1840 1649 1871 S.
1676 1839 1723 1871 M.

239 1913 278 1943 de
295 1911 448 1943 MARGAN
472 1914 505 1943 et
528 1923 569 1943 m.
588 1911 644 1953 qui
667 1911 687 1943 i.
711 1911 753 1943 D.
771 1912 915 1942 serviunt
931 1911 965 1942 in
981 1913 1171 1953 perpetuam
1187 1909 1393 1941 elemosinam
1409 1911 1511 1940 totam
1529 1908 1662 1939 feudum
1685 1908 1724 1939 de

239 1980 410 2012 LANGEWI
428 1981 548 2012 seilicet
564 1984 630 2011 tam
648 1980 738 2011 illam
755 1983 879 2022 partem
896 1980 986 2011 feudi
1002 1979 1089 2011 illius
1107 2005 1112 2011 .
1132 1989 1229 2020 quam
1246 1980 1336 2020 pater
1352 1988 1441 2009 meus
1460 1979 1492 2009 et
1513 1979 1725 2009 antecessores

238 2050 300 2081 mei
318 2052 393 2081 ante
410 2050 569 2081 dederunt
586 2049 631 2081 eis
648 2049 681 2081 in
698 2049 906 2081 elemosinam
924 2075 928 2080 .
948 2060 1045 2090 quam
1062 2050 1166 2080 totum
1183 2047 1345 2079 residuum
1362 2047 1447 2088 quod
1464 2057 1524 2088 ego
1540 2058 1578 2077 ex
1597 2045 1724 2087 proprio

237 2119 322 2150 dono
339 2130 408 2150 meo
425 2119 500 2151 dedi
517 2119 562 2151 eis
579 2118 613 2150 in
630 2119 838 2151 elemosinam
858 2144 864 2150 .
883 2119 924 2149 ad
941 2117 1127 2150 habendum
1143 2120 1173 2148 et
1191 2116 1367 2148 tenendum
1382 2114 1482 2147 libere
1501 2118 1533 2147 et
1554 2115 1661 2156 quiete
1682 2113 1722 2146 ab

236 2187 324 2219 omni
352 2187 480 2219 servitio
509 2191 541 2219 et
572 2187 802 2219 consuetudine
829 2190 861 2219 et
887 2187 1052 2219 exactione
1079 2185 1212 2218 seculari
1244 2185 1405 2217 reddmdo
1436 2187 1545 2216 tamen
1577 2182 1656 2214 mihi
1691 2184 1722 2214 et

236 2255 407 2288 heredibus
423 2257 502 2288 meis
519 2268 575 2299 pro
592 2257 649 2288 illa
666 2260 756 2299 purte
773 2256 864 2289 feudi
880 2267 977 2299 quam
994 2255 1115 2288 habent
1136 2267 1175 2287 ex
1197 2254 1324 2297 proprio
1348 2254 1433 2285 dono
1456 2264 1527 2285 meo
1551 2251 1722 2284 annuatim
