1998 2724
1536 177 1599 209 275

169 334 318 367 omnibus
354 334 494 367 serviciis
531 335 754 367 exaccionibus
793 334 1079 367 consuetudinibus
1114 335 1207 367 sectis
1242 335 1403 367 oin-iarum
1446 336 1576 368 auxiliis
1613 338 1644 367 et

164 404 237 436 aliis
261 403 410 436 omnibus
433 404 602 436 demandis
624 404 827 436 secularibus.
883 404 929 436 Et
954 416 1014 448 ego
1037 404 1218 436 ROBERTUS
1242 409 1274 437 et
1296 405 1428 437 heredes
1451 406 1514 437 mei
1538 406 1643 438 eidem

164 473 309 506 HUGONI
322 475 354 505 et
370 472 540 505 heredibus
555 473 606 505 vel
623 474 687 505 suis
699 474 890 515 quicumque
902 474 1025 506 fuerint
1034 474 1229 517 assingnatis
1244 474 1310 516 (sic)
1326 476 1429 506 totam
1440 475 1640 507 mansionem

165 545 423 585 prenominatam
455 553 527 574 cum
557 543 623 574 suis
658 542 777 574 ibidem
816 543 1022 585 pertinenciis
1050 545 1160 576 contra
1190 555 1301 576 omnes
1329 544 1476 576 homines
1502 548 1534 577 et
1560 545 1642 577 fem-

161 612 232 644 inas
270 611 549 644 warentizabimus
584 611 837 654 acquietabimus
875 615 907 644 et
944 613 1156 645 defendemus
1197 614 1444 656 imperpetuum.
1502 614 1549 646 Et
1586 626 1644 657 pro

164 681 227 713 ista
257 681 434 713 donacione
465 681 664 713 concessione
689 681 789 723 hujus
818 682 974 724 presentis
1004 685 1090 714 carte
1121 682 1364 715 confirmacione
1394 686 1426 715 et
1457 685 1643 716 warentiza-

166 752 254 784 cione
285 751 375 783 dedit
405 751 486 783 mibi
512 751 674 793 predictus
707 750 813 782 Huco
844 752 924 783 duas
953 762 1076 783 marcas
1104 752 1352 795 esterlingorum
1382 753 1416 784 in
1447 765 1641 796 gersumam.

165 821 212 854 Et
246 824 281 853 ut
319 821 381 853 ista
426 831 497 852 mea
539 820 674 852 donacio
717 821 874 853 concessio
912 821 1011 863 hujus
1056 824 1142 854 carte
1190 823 1374 855 confirmaio
1417 826 1449 856 et
1471 814 1475 815 ⁷
1494 824 1644 856 warenti-

167 890 250 925 zatio
279 889 489 922 stabilitatem
520 889 753 921 firmitudinem
791 892 997 932 eternamque
1033 891 1217 933 possideant
1252 894 1284 924 et
1328 893 1532 925 securitatem
1562 893 1646 926 hanc

169 963 349 1002 presentem
383 966 504 991 cartam
529 958 629 1001 sigilli
656 959 720 991 mei
750 959 957 1001 impressione
992 960 1140 993 roboravi
1166 964 1198 993 et
1219 962 1414 994 confirmavi.
1476 963 1555 995 Hiis
1584 966 1646 996 tes-

165 1028 273 1060 tibus.
296 1028 428 1060 domino
453 1027 648 1060 WILLELMO
664 1029 703 1060 de
724 1028 856 1061 SANCTA
880 1028 1002 1061 ELENA
1025 1032 1103 1062 tunc
1126 1030 1310 1063 vicecomite
1333 1031 1373 1063 de
1397 1031 1613 1064 GLOMORGAN
1639 1060 1645 1065 .

169 1097 299 1129 domino
316 1097 457 1129 Romano
473 1098 512 1129 de
529 1097 694 1129 RmNGNY
712 1123 718 1129 .
737 1098 869 1130 domino
886 1097 1062 1131 WALTERO
1085 1099 1125 1131 de
1141 1098 1268 1132 SULLIA
1287 1125 1293 1131 .
1316 1100 1447 1132 domino
1471 1101 1648 1134 GILBERTO

166 1166 205 1198 de
235 1165 475 1198 UMFRANVILE
502 1166 661 1198 militibus
687 1192 693 1198 .
725 1150 918 1199 WILLELMO
934 1168 963 1199 le
979 1167 1180 1200 FLEMMANG
1198 1195 1203 1200 .
1223 1169 1389 1201 mommo
1412 1170 1452 1202 de
1475 1169 1616 1203 sommus
1642 1198 1647 1203 .

169 1234 365 1268 WILLELMO
385 1235 533 1267 MA1Loc’
557 1235 759 1268 .J0m·0m)0
779 1235 901 1268 GRANT
925 1263 930 1268 .
953 1236 975 1269 J
978 1248 1078 1269 EWAN
1102 1237 1224 1270 GRANT
1249 1264 1254 1269 .
1281 1237 1407 1270 ΤΗΟΜΑ
1432 1239 1652 1272 BAUDEWINE

170 1306 247 1336 tunc
270 1304 393 1336 famulo
417 1304 587 1336 comitatus
610 1308 643 1336 et
665 1305 776 1336 multis
799 1305 879 1338 aliis.

213 1372 297 1412 saal,
314 1385 412 1416 green
429 1385 519 1405 wax:
544 1385 563 1405 a
578 1374 779 1406 fleur-de-lis.

586 1446 592 1459 ‘
610 1449 641 1480 ÷
663 1443 688 1474 s'
710 1448 741 1480 -}-
764 1443 838 1475 noe*
858 1455 864 1475 :
884 1444 949 1476 FIL'
968 1457 974 1476 :
993 1444 1067 1476 Ross’
1087 1457 1093 1476 :
1112 1445 1221 1477 HYM'.'

787 1608 1029 1642 COLXXVII.

171 1687 333 1720 GRANT
364 1689 429 1721 BY
460 1689 621 1722 ROGER
652 1689 850 1722 GRAMUS
881 1690 939 1722 TO
970 1691 1182 1724 MARGAM
1217 1693 1382 1726 ABBEY
1420 1694 1480 1727 OF
1517 1696 1651 1730 LAND

337 1758 471 1790 NEAR
509 1758 737 1791 GOYLAKE
778 1759 913 1792 WITH
951 1760 984 1792 A
1023 1760 1275 1794 RESERVED
1314 1763 1453 1796 RENT.

707 1841 882 1884 [MARGAM
906 1842 1101 1885 CHARTER]
1509 1848 1603 1880 1203.

214 1921 373 1954 Omnibus
389 1921 420 1954 S.
438 1933 464 1954 e.
482 1922 505 1954 f.
524 1934 554 1964 p.
571 1926 604 1954 et
619 1923 642 1955 f.
660 1923 821 1955 Romanus
840 1923 1013 1956 GRAMMUS
1029 1924 1175 1957 salutem.

214 1989 351 2022 Noverit
366 1990 558 2023 universitas
574 1994 678 2023 vestra
695 1993 780 2034 quod
798 2004 857 2036 ego
874 1993 1006 2025 consilio
1023 1998 1055 2025 et
1071 2005 1226 2027 consensu
1239 1996 1348 2028 uxoris
1364 2008 1433 2028 mee
1446 2002 1479 2030 et
1492 1998 1649 2032 heredum

171 2071 315 2092 meorum
346 2064 443 2102 atque
469 2061 643 2093 amicorum
671 2073 815 2094 meorum
831 2063 969 2095 concessi
985 2067 1017 2095 et
1033 2064 1107 2095 dedi
1131 2067 1162 2096 et
1186 2064 1245 2096 hac
1269 2068 1356 2097 carta
1373 2067 1562 2100 confirmavi
1578 2068 1650 2101 Deo

167 2140 195 2160 e.
216 2128 247 2161 S.
266 2129 313 2160 M.
331 2129 370 2161 de
386 2129 433 2161 M.
451 2132 484 2161 et
498 2130 662 2162 monachis
678 2130 719 2163 D.
737 2131 757 2162 i.
776 2143 799 2163 s.
817 2131 851 2163 in
869 2143 984 2173 puram
1001 2136 1032 2164 et
1048 2135 1237 2175 perpetuam
1253 2134 1460 2167 elemosinam
1484 2137 1648 2170 reddendo

170 2197 251 2229 mihi
267 2200 299 2229 et
310 2197 480 2230 heredibus
495 2198 574 2230 meis
589 2199 758 2231 annuatim
776 2199 945 2232 dimidiam
960 2212 1100 2232 marcam
1116 2202 1243 2244 argenti
1268 2227 1275 2234 .
1300 2202 1513 2237 Medietatem
1530 2207 1649 2239 scilicet

166 2266 210 2298 ad
232 2266 352 2298 festum
375 2266 486 2299 Sancti
509 2266 705 2300 MicHAEms
738 2271 770 2300 et
799 2269 1006 2301 medietatem
1037 2270 1078 2301 ad
1113 2269 1237 2303 Pascha
1270 2296 1277 2303 .
1311 2283 1369 2314 pro
1401 2274 1489 2306 omni
1517 2276 1650 2310 servicio
