1998 2724
1519 155 1582 186 503

147 311 315 345 ERNALno
339 338 346 344 .
372 312 578 344 CNAITHURO
601 313 760 345 conversis
782 314 822 345 de
845 312 1000 345 MARGAN
1024 338 1030 345 .
1049 311 1244 346 WILLELMO
1267 311 1400 344 STUmvss
1424 309 1625 344 ‚WALTERO

148 382 190 414 de
212 381 397 413 MARECRos
421 380 642 414 .W11.LELMO
665 381 695 414 le
719 382 891 414 Famem
913 407 920 414 .
944 381 1099 414 RchRDO
1122 382 1162 414 de
1185 381 1370 414 LAmme
1389 407 1395 413 .
1414 381 1574 414 Romam-o
1597 381 1627 413 le

150 451 257 484 Pam
274 477 281 483 .
300 451 520 483 GtLLEBERTo
536 451 576 483 de
592 451 711 483 Sancto
727 451 859 483 FAGAN.

194 520 398 553 Entitled—‘
410 520 507 552 Carta
523 520 647 552 Thome
663 520 802 563 Lageles
818 522 858 553 de
873 524 942 553 tota
957 523 1042 553 terra
1057 532 1114 553 sua
1130 521 1170 553 de
1185 520 1408 564 Lagelestun.’

771 832 1012 866 GOOCXGIX.

152 915 316 949 GRANT
346 915 412 948 BY
442 915 638 948 THOMAS
669 914 886 947 LAGELES
914 915 974 947 OF
1010 915 1144 948 LAND
1180 915 1236 948 IN
1265 915 1348 948 HIS
1378 915 1630 954 LORDSHIP,

283 984 416 1017 NEAR
447 984 510 1017 ST.
542 983 734 1017 DAVID'S
767 984 969 1023 GHAPEL,
999 984 1057 1016 ΤΟ
1088 984 1300 1017 MARGAM
1331 984 1504 1017 ABBEY.

701 1065 875 1108 [MARGAM
900 1065 1095 1110 CHARTER]

197 1147 357 1181 Omnibus
372 1147 489 1180 Sancte
505 1147 634 1180 ecclesie
650 1147 725 1180 filiis
742 1173 748 1179 .
767 1146 911 1180 THoMAs
928 1147 1087 1181 LAGELES
1103 1149 1249 1181 salutem.

198 1217 362 1253 Quoniam
376 1217 623 1260 ingratitudinis
638 1216 758 1249 vicium
774 1216 906 1249 cuilibet
922 1217 1056 1250 honesto
1068 1217 1136 1250 viro
1148 1229 1204 1260 pre
1217 1217 1328 1250 ceteris
1341 1219 1388 1250 est
1400 1217 1630 1250 devitandum.

153 1298 276 1319 memor
290 1286 518 1319 beneficiorum
533 1297 595 1328 que
610 1286 695 1328 patri
711 1286 832 1328 pariter
848 1289 879 1318 et
902 1286 999 1318 matri
1022 1297 1091 1318 mee
1120 1311 1127 1318 .
1151 1285 1231 1318 mihi
1257 1286 1401 1328 meisque
1428 1287 1634 1318 contulerunt

153 1355 215 1388 viri
238 1355 380 1398 religiosi
405 1354 553 1387 monachi
584 1354 703 1387 scilicet
734 1355 774 1387 de
804 1354 960 1387 MARGAN
993 1381 998 1386 .
1031 1355 1106 1387 licet
1136 1355 1170 1386 in
1201 1355 1494 1397 recompensatione
1525 1355 1633 1388 collati

153 1424 300 1457 beneficii
315 1423 422 1456 minus
439 1424 499 1456 sim
515 1424 673 1455 sufficiens
692 1449 698 1455 .
717 1423 773 1456 ubi
789 1426 898 1455 tamen
914 1423 948 1455 in
965 1423 1082 1466 impari
1098 1435 1194 1455 censu
1210 1435 1275 1455 non
1291 1423 1396 1466 impar
1411 1424 1552 1456 creditur
1568 1435 1633 1456 esse

154 1494 304 1526 voluntas
321 1519 327 1525 .
345 1493 433 1536 apud
448 1495 532 1525 recte
548 1493 734 1535 quempiam
750 1493 942 1525 sentientem
960 1519 965 1525 .
984 1504 1057 1525 cum
1081 1493 1194 1525 eadem
1215 1496 1342 1535 promta
1361 1495 1408 1526 est
1427 1519 1433 1525 .
1457 1494 1634 1526 secundum

154 1564 189 1595 id
222 1589 227 1594 .
260 1563 346 1605 quod
372 1562 470 1594 habet
494 1565 622 1605 accepta
649 1565 696 1594 est
722 1588 729 1594 .
756 1574 821 1594 non
849 1562 1024 1594 secundum
1051 1562 1085 1593 id
1113 1562 1198 1604 quod
1223 1573 1287 1594 non
1315 1562 1421 1595 habet.
1478 1563 1561 1595 Inde
1586 1565 1633 1595 est

154 1632 241 1674 quod
271 1631 474 1664 universitati
503 1634 606 1663 vestre
643 1631 808 1663 notificare
846 1631 984 1673 dignum
1022 1631 1101 1663 duxi
1146 1657 1152 1663 .
1196 1632 1282 1673 quod
1323 1631 1394 1664 Deo
1434 1635 1466 1664 et
1505 1632 1633 1664 ecclesie

155 1700 271 1733 Sancte
287 1701 408 1733 Mum:
427 1701 468 1732 de
490 1700 645 1732 MARGAN
663 1725 670 1731 .
688 1703 720 1732 et
744 1700 910 1733 monachis
930 1699 1052 1732 ibidem
1076 1700 1148 1732 Deo
1173 1700 1385 1733 servientibus
1411 1727 1416 1732 .
1445 1701 1577 1734 consilio
1602 1703 1634 1734 et

155 1781 310 1802 consensu
326 1769 501 1801 amicorum
519 1794 525 1801 .
543 1770 584 1801 do
600 1771 632 1801 ct
648 1769 786 1801 concedo
802 1771 834 1801 et
853 1769 912 1801 hac
928 1769 1068 1811 presenti
1089 1771 1176 1800 carta
1194 1769 1346 1801 confirmo
1362 1771 1465 1802 totam
1482 1769 1631 1812 [terram]

155 1850 228 1881 quae
247 1841 294 1870 est
313 1838 352 1870 de
373 1838 515 1870 dominio
534 1849 606 1870 meo
627 1837 668 1870 ab
683 1838 816 1870 australi
832 1840 923 1880 parte
940 1837 1058 1880 capelle
1075 1849 1137 1879 que
1152 1849 1239 1870 nunc
1254 1840 1301 1870 est
1317 1837 1427 1871 Sancti
1443 1838 1561 1870 DAvn)
1579 1864 1585 1870 .
1602 1841 1635 1871 et

154 1906 196 1940 ab
212 1907 359 1939 orientali
375 1909 466 1949 parte
481 1907 598 1939 veteris
618 1906 778 1950 masuagii
805 1932 810 1938 .
838 1907 923 1948 quod
948 1906 1013 1938 fuit
1038 1906 1072 1938 in
1097 1906 1234 1949 gardino
1261 1907 1347 1949 quod
1373 1907 1469 1939 modo
1493 1907 1635 1940 excisum

159 1976 239 2020 [est]
257 1975 353 2018 juxta
376 1975 538 2018 publicam
559 1978 693 2008 stratam
714 1987 776 2018 que
795 1975 881 2018 jacet
902 1988 921 2007 a
941 1975 1118 2018 Kanum]
1139 1987 1240 2018 usque
1256 1976 1297 2008 ad
1312 1975 1519 2019 KENEF[EG]
1538 2002 1545 2008 .
1563 1987 1636 2009 cum

155 2045 323 2088 masnagio
339 2046 372 2077 et
387 2044 489 2078 crofta
505 2070 512 2077 .
531 2056 592 2087 que
608 2044 743 2077 fuerunt
759 2044 938 2077 Goncmm)
953 2044 1050 2088 juxta
1065 2044 1243 2087 predictam
1258 2045 1354 2077 viam.
1402 2044 1518 2077 Totam
1544 2045 1636 2078 illam

155 2116 275 2147 terram
289 2113 425 2156 prefatis
439 2113 604 2146 monachis
620 2114 661 2146 do
679 2139 686 2146 .
703 2125 761 2157 pro
777 2125 833 2146 xv.
850 2114 930 2146 acris
946 2114 980 2146 in
996 2125 1111 2157 puram
1131 2117 1164 2146 et
1184 2116 1372 2157 perpetuam
1396 2114 1604 2147 elemosinam
1628 2140 1635 2146 .

155 2182 291 2215 liberam
306 2185 339 2215 et
354 2182 497 2224 quietam
513 2182 553 2215 ab
569 2182 658 2215 omni
674 2182 804 2215 servitio
819 2185 851 2215 et
867 2182 1034 2215 exactione
1050 2182 1185 2215 seculari
1202 2209 1208 2214 .
1226 2194 1284 2225 pro
1299 2183 1408 2215 anima
1428 2183 1530 2226 patris
1547 2183 1612 2216 mei
1628 2209 1636 2216 .

155 2254 188 2286 et
211 2251 380 2285 animabus
407 2253 642 2284 antecessorum
662 2254 696 2284 et
717 2263 932 2284 successorum
953 2262 1098 2284 meorum
1121 2263 1245 2284 necnon
1272 2254 1304 2284 et
1327 2263 1386 2294 pro
1406 2251 1510 2284 salute
1533 2252 1640 2284 anime
