1998 2724
1550 154 1611 184 261

172 312 323 345 Preterea
337 311 475 343 concessi
491 313 523 343 et
538 311 723 343 confirmavi
740 311 784 342 eis
799 312 902 343 totam
917 312 1036 341 terram
1048 309 1239 342 WILLELMI
1257 309 1464 342 CITHAREDI.
1511 310 1657 343 Scilicet.

173 393 236 414 ΧΠ.
252 393 338 414 acras
353 383 437 413 terre
452 379 582 412 arabilis
598 382 630 411 et
646 380 814 411 dimidiam
830 391 935 412 acram
951 379 1036 421 prati
1052 390 1125 411 cum
1140 379 1232 411 tofto.
1281 379 1326 410 Et
1342 390 1381 410 ex
1397 379 1481 411 dono
1497 379 1658 412 SUSANNE

172 451 316 494 quinque
337 462 433 482 acras.
482 449 555 482 Has
580 460 689 481 omnes
717 460 804 481 acras
829 449 965 481 concessi
993 452 1025 480 et
1048 449 1233 481 confirmavi
1260 448 1412 491 predictis
1436 448 1600 481 monachis
1624 450 1658 481 in

171 531 287 563 puram
303 521 335 551 et
349 522 538 562 perpetuam
559 518 765 550 elemosinam
787 518 950 550 habendas
969 521 1002 550 et
1019 519 1174 550 tenendas
1192 517 1291 549 libere
1316 544 1321 550 .
1348 518 1455 560 quiete
1476 520 1508 549 et
1530 518 1659 560 pacifice

172 590 211 621 de
234 600 285 620 me
308 592 340 620 et
362 588 533 620 heredibus
555 587 635 619 meis
658 587 698 619 ab
723 588 810 619 omni
834 588 964 620 servicio
982 614 987 619 .
1005 588 1235 620 consuetudine
1253 614 1258 619 .
1278 590 1308 619 et
1328 588 1493 620 exactione
1514 589 1656 621 seculari.

171 658 262 692 Sicut
277 658 344 689 ulla
360 657 532 689 elemosina
550 656 681 689 liberius
704 657 806 688 teneri
830 660 934 699 potest
950 660 981 688 et
996 646 1108 688 haberi
1122 657 1358 699 inperpetuum.
1408 657 1485 689 Hiis
1499 657 1636 689 testibus
1650 684 1655 689 .

172 727 388 760 HEREBERTO
413 727 452 758 de
475 726 592 758 Sancto
617 727 794 761 (2111ssan
820 753 826 757 .
852 726 1048 758 WILLELMO
1071 727 1111 758 de
1134 726 1363 769 LOND[0NIIS]
1391 726 1594 760 .WALTERO
1618 728 1657 759 de

173 797 280 830 Sem
304 823 309 828 .
332 796 487 828 RicAnno
512 795 712 827 FLAMMANG
740 822 745 826 .
769 795 964 827 Wnfflmw
988 797 1027 827 «le
1047 796 1206 827 (JANTELO
1231 822 1235 827 .
1260 796 1416 828 mezno
1435 798 1596 828 sacerdote
1619 798 1659 828 de

173 867 378 899 Bos-‘ivam
397 891 402 897 .
420 865 575 907 magistro
591 864 787 896 RADULPHO
804 864 940 896 MAILotr
958 892 963 896 .
981 865 1003 897 J
1007 876 1149 897 oHANNE
1166 865 1269 897 TORSI
1289 892 1294 897 .
1313 868 1345 897 et
1359 866 1471 897 multis
1487 866 1567 898 aliis.

219 933 302 967 Fine
317 934 505 976 impression
522 933 556 966 of
578 933 633 965 the
649 945 723 976 gem
740 934 804 965 seal
821 934 855 965 in
870 935 926 965 red
943 946 1011 966 wax
1033 936 1079 975 (as
1095 935 1129 966 'm
1145 934 1426 976 DCGOXXVI.).

823 1206 1014 1239 CCLXIII.

177 1290 341 1323 GRANT
388 1289 453 1322 BY
496 1289 719 1322 WILLIAM
756 1289 821 1321 DE
860 1288 1105 1321 BONVILLE
1147 1288 1205 1320 TO
1248 1289 1456 1322 MARGAN
1497 1290 1662 1323 ABBEY

287 1359 347 1392 OF
377 1359 511 1391 LAND
544 1358 680 1391 HELD
715 1358 780 1391 BY
813 1358 912 1390 THE
945 1357 1197 1390 TEMPLARS
1232 1358 1286 1391 IN
1319 1358 1418 1391 THE
1449 1359 1569 1391 TIME
1602 1359 1663 1392 OF

287 1427 369 1460 HIS
400 1427 608 1460 FATHER.

722 1471 897 1515 [MARGAM
922 1470 1116 1514 CHARTER]

221 1554 381 1587 Omnibus
401 1553 516 1586 Sancte
540 1565 566 1586 e.
584 1554 607 1585 f.
626 1565 654 1585 a.
673 1566 702 1596 q.
721 1565 750 1596 p.
769 1565 792 1586 s.
810 1554 992 1596 pervenerit
1010 1578 1015 1585 .
1035 1553 1250 1585 WILLELMUS
1273 1554 1312 1585 de
1333 1553 1535 1586 BONEVILLA
1554 1580 1560 1586 .
1578 1555 1664 1587 filius

177 1623 199 1656 J
201 1634 354 1656 OHANNIS
370 1624 409 1655 de
426 1623 629 1655 BONAVILLA
649 1649 655 1654 .
673 1623 821 1656 salutem.

222 1692 340 1726 Sciatis
355 1704 407 1724 me
424 1693 610 1724 concessisse
627 1695 658 1724 et
674 1692 734 1724 hac
750 1696 837 1724 carta
856 1717 861 1723 .
880 1692 1082 1724 confirmasse
1101 1691 1172 1723 Deo
1195 1694 1227 1723 et
1250 1692 1378 1724 ecclesie
1402 1692 1518 1725 Sancte
1541 1693 1663 1725 MARm

177 1763 217 1794 de
248 1761 406 1793 MARGAN
430 1765 462 1793 et
484 1773 528 1793 m.
554 1763 575 1793 i.
601 1761 643 1793 D.
669 1773 692 1794 s.
718 1762 752 1793 in
779 1772 810 1803 p.
836 1764 868 1793 et
897 1763 1087 1803 perpetuam
1118 1761 1325 1793 elemosinam
1352 1787 1357 1793 .
1383 1773 1436 1793 XL.
1461 1773 1549 1794 acras
1579 1766 1663 1795 terre

177 1830 308 1863 arabilis
333 1856 339 1862 .
364 1842 444 1873 quas
471 1831 511 1863 de
538 1830 754 1862 TEMPLARns
780 1832 924 1872 tempore
952 1829 1052 1871 patris
1080 1829 1143 1861 mei
1170 1832 1346 1862 tenuerunt
1373 1856 1379 1863 .
1406 1831 1570 1863 reddendo
1597 1831 1662 1863 iliis

177 1900 349 1932 annuatim
371 1911 428 1942 pro
452 1900 541 1932 omni
564 1900 693 1932 servitio
716 1899 947 1931 consuetudine
972 1903 1003 1930 et
1030 1899 1195 1931 exactione
1222 1910 1275 1931 XL.
1303 1900 1459 1932 denarios.
1507 1900 1581 1932 Has
1608 1912 1661 1932 XL.

178 1981 266 2002 acras
283 1969 309 2001 si
327 1980 388 2011 ego
407 1970 446 2000 de
463 1968 678 2000 TEMPLARus
701 1968 897 2000 dirationare
921 1971 1032 2010 potero
1056 1994 1062 2000 .
1085 1968 1224 2000 concessi
1247 1973 1278 2000 et
1303 1969 1489 2001 confirmavi
1511 1970 1664 2012 predictis

178 2037 344 2070 monachis
358 2038 393 2069 in
408 2040 600 2080 perpetuum
620 2038 776 2070 tenendas
795 2040 827 2069 et
848 2037 1012 2069 habendas
1035 2038 1075 2069 de
1098 2049 1149 2069 me
1173 2038 1206 2069 et
1227 2037 1399 2070 heredibus
1425 2039 1505 2070 meis
1531 2039 1630 2071 libere
1656 2065 1663 2070 .

178 2107 286 2150 quiete
302 2109 334 2139 et
348 2106 478 2149 pacifice
495 2132 502 2139 .
520 2107 601 2139 sicut
616 2110 713 2139 antea
730 2108 770 2139 de
786 2107 1001 2139 TEMPLARns
1021 2109 1197 2138 tenuerunt
1215 2133 1220 2138 .
1239 2107 1357 2139 scilicet
1378 2108 1542 2141 reddendo
1565 2109 1664 2141 michi

179 2178 212 2209 et
226 2176 398 2208 heredibus
413 2176 493 2208 meis
509 2177 678 2208 annuatim
694 2188 752 2219 pro
769 2176 857 2208 omni
873 2176 1004 2208 servicio
1020 2187 1074 2208 XL.
1092 2176 1251 2208 denarios.
1299 2176 1376 2209 Hiis
1391 2177 1537 2210 testibus.

223 2245 427 2277 Entitled-‘
439 2245 536 2277 Carta
551 2244 713 2278 Willelmj
729 2246 769 2277 de
786 2245 960 2278 Bonavilla
976 2246 1016 2278 de
1032 2256 1085 2277 XL.
1103 2245 1204 2277 acris.’
