1998 2724
408 173 471 206 642

360 330 491 363 consilio
515 333 546 363 et
570 342 700 363 assensu
726 330 881 363 Aanmffs
907 330 1014 362 uxoris
1041 341 1111 362 mee
1137 355 1143 362 .
1170 333 1201 362 et
1228 329 1354 362 Tuom
1373 330 1498 362 heredis
1519 330 1582 362 mei
1610 356 1616 362 .
1644 331 1676 362 et
1702 329 1840 362 aliorum

359 399 535 432 amicorum
547 411 691 432 meorum
704 400 811 432 remisi
822 399 856 431 in
866 402 1058 442 perpetuum
1070 399 1112 431 D.
1125 402 1157 432 et
1169 411 1195 431 e.
1210 399 1250 431 B.
1265 399 1312 431 M.
1330 399 1370 431 de
1382 399 1537 431 MARGAN
1550 410 1586 431 ac
1597 410 1640 431 m.
1653 399 1675 430 i.
1690 398 1732 431 D.
1744 410 1767 431 s.
1781 410 1841 442 pro

359 479 411 501 me
427 472 459 501 et
474 469 624 501 omnibus
638 469 809 502 heredibus
825 469 904 501 meis
922 495 926 500 .
945 469 1110 501 redditum
1129 471 1267 511 quatuor
1282 469 1488 501 denariorum
1509 480 1587 511 quos
1608 469 1779 501 annuatim
1794 469 1836 501 ad

358 538 478 570 festum
495 539 640 570 omnium
656 538 849 571 Sanctorum
872 538 954 570 sicut
975 540 1186 570 antecessores
1208 538 1272 570 mei
1290 563 1296 570 .
1315 537 1455 570 solebam
1477 537 1517 570 ab
1538 538 1658 570 eisdem
1673 537 1814 580 accipere
1831 563 1838 570 .

358 619 416 650 pro
439 608 625 640 omnimoda
647 619 817 640 communa
840 613 923 639 terre
939 619 1008 639 mee
1026 634 1032 639 .
1050 609 1081 639 et
1097 607 1245 640 omnibus
1268 607 1465 640 aisiamentis
1484 619 1545 650 que
1566 607 1627 639 sibi
1643 610 1676 639 et
1691 607 1843 640 omnibus

357 678 422 709 suis
445 678 639 710 animalibus
660 678 800 709 viderint
823 677 917 709 utilia
941 689 1015 710 esse.
1063 677 1109 709 Et
1132 689 1192 720 ego
1215 681 1246 709 et
1267 677 1400 710 heredes
1417 678 1481 710 mei
1497 678 1617 709 dictam
1634 688 1838 710 communem

356 747 460 778 tocius
490 749 574 779 terre
598 759 668 779 mee
695 773 700 779 .
727 747 861 779 liberam
887 749 919 779 et
946 747 1089 789 quietam
1114 747 1182 778 sine
1209 747 1296 778 omni
1326 746 1456 778 redditu
1482 746 1577 778 dictis
1603 745 1768 778 monachis
1798 746 1839 778 de

355 815 511 848 MARGAN
537 815 817 848 warantizabimus
843 842 848 847 .
874 816 909 847 in
932 818 1133 858 perpetuum.
1180 815 1276 848 Dono
1307 815 1404 847 etiam
1434 815 1584 858 predictis
1614 815 1778 847 monachis
1804 818 1835 847 et

355 886 491 918 concedo
513 888 544 917 et
561 885 620 917 hac
642 886 781 928 presenti
800 888 888 917 carta
910 897 982 917 mea
1003 885 1155 917 confirmo
1177 911 1184 917 .
1208 884 1345 917 liberum
1364 885 1425 916 iter
1447 884 1629 927 ingressum
1657 909 1663 915 .
1690 884 1839 916 videlicet

355 958 386 986 et
402 966 565 997 egressum
583 981 588 987 .
607 966 663 997 per
678 955 822 986 medium
838 955 922 997 prati
941 955 1003 986 mei
1020 980 1026 987 .
1045 956 1077 986 et
1092 956 1175 986 terre
1189 965 1259 986 mee
1269 953 1399 986 arabilis
1416 979 1422 985 .
1441 954 1482 985 ad
1494 953 1602 985 omnia
1615 964 1672 985 sua
1682 953 1836 985 animalia

353 1024 394 1055 ad
415 1027 581 1066 pasturam
603 1027 686 1056 terre
707 1035 762 1056 sue
786 1024 912 1066 proprie
935 1024 1082 1056 ducenda
1105 1025 1136 1055 et
1155 1023 1337 1055 reducenda
1355 1048 1360 1054 .
1379 1022 1435 1054 ubi
1451 1022 1511 1054 sibi
1523 1022 1664 1054 viderint
1674 1022 1833 1064 expedire.

353 1092 399 1125 Et
415 1093 440 1124 si
457 1093 559 1125 marla
577 1119 582 1124 .
601 1097 727 1136 reperta
743 1093 841 1124 fuerit
858 1093 891 1124 in
907 1095 993 1125 ‘serra
1012 1104 1083 1125 mea
1100 1118 1106 1124 .
1124 1092 1175 1125 vel
1190 1103 1272 1124 vena
1292 1092 1379 1124 mine
1395 1091 1472 1123 ferri
1488 1094 1544 1123 aut
1560 1091 1686 1133 plumbi
1703 1117 1708 1123 .
1727 1091 1836 1123 omnia

352 1173 414 1204 que
437 1161 498 1194 sibi
520 1162 642 1194 fuerint
666 1162 841 1194 necessaria
859 1188 865 1194 .
884 1162 963 1194 dicti
985 1161 1134 1194 monaehi
1157 1161 1255 1193 libere
1279 1163 1312 1192 et
1334 1160 1441 1202 quiete
1465 1160 1623 1202 accipiant
1642 1186 1647 1191 .
1666 1160 1701 1192 in
1722 1171 1836 1202 perpe-

351 1234 454 1263 tuum.
501 1231 566 1264 Pro
589 1232 648 1264 hac
672 1235 780 1263 autem
804 1232 939 1274 predicti
961 1231 1107 1263 redditus
1130 1234 1268 1273 quatuor
1290 1230 1496 1262 denariorum
1519 1241 1576 1272 per
1597 1241 1720 1261 annum
1738 1254 1745 1261 .
1763 1241 1833 1271 per-

351 1305 449 1343 petua
464 1301 700 1333 condonaeione
716 1303 748 1333 et
764 1301 981 1343 predictarum
997 1300 1184 1333 libertatum
1201 1299 1235 1331 111
1254 1302 1339 1331 terra
1360 1311 1432 1331 mea
1455 1302 1609 1341 perpetua
1625 1298 1800 1330 donacione
1825 1323 1831 1329 .

350 1373 383 1402 et
421 1371 664 1402 confirmacione
694 1397 699 1402 .
727 1371 886 1403 dederunt
924 1370 1022 1402 michi
1052 1370 1187 1412 predicti
1217 1369 1365 1401 monaehi
1391 1380 1455 1401 non
1486 1379 1589 1410 pauca
1615 1367 1769 1400 beneficia
1798 1367 1834 1400 in

350 1440 580 1482 urgentissima
606 1440 793 1472 necessitate
820 1451 891 1472 mea
918 1466 924 1471 .
953 1439 1073 1481 pietate
1098 1438 1234 1471 inducti.
1296 1438 1370 1481 Ego
1393 1449 1467 1470 vero
1492 1464 1498 1469 .
1525 1440 1557 1469 et
1580 1437 1712 1469 heredes
1735 1437 1799 1468 mei
1824 1462 1831 1469 .

352 1509 511 1551 predictas
526 1509 690 1541 libertates
707 1510 741 1541 in
757 1512 826 1541 tota
842 1512 927 1541 terra
941 1520 1013 1541 mea
1031 1535 1036 1540 .
1055 1509 1122 1540 sine
1139 1508 1226 1540 omni
1242 1508 1371 1540 redditu
1389 1531 1395 1537 .
1414 1507 1512 1540 libere
1533 1507 1641 1549 quiete
1657 1509 1689 1538 et
1704 1506 1834 1548 pacifice

351 1578 488 1610 utendas
512 1604 518 1609 .
544 1581 654 1610 contra
678 1590 787 1610 omnes
810 1578 955 1610 homines
978 1577 1258 1610 warantizabimus
1280 1577 1315 1608 in
1346 1579 1546 1619 perpetuum.
1606 1575 1648 1608 In
1672 1575 1765 1617 cujus
1788 1575 1834 1607 rei

351 1647 628 1679 confirmacionem
644 1650 675 1679 et
691 1647 913 1680 testimonium
931 1673 936 1679 .
955 1647 1100 1690 sigillum
1116 1658 1224 1679 meum
1240 1646 1381 1689 presenti
1393 1648 1478 1678 carte
1490 1657 1561 1677 mee
1577 1645 1719 1688 apposui.
1767 1644 1832 1676 His

350 1716 486 1748 testibus
503 1742 509 1748 .
528 1716 655 1749 THOMA
672 1717 711 1749 de
727 1716 854 1749 Summi
874 1743 879 1748 ,
898 1716 1094 1750 WILLELMO
1114 1717 1144 1748 10
1161 1716 1360 1747 FLEMMENG
1380 1741 1385 1746 .
1409 1714 1578 1746 Pfflmppo
1595 1715 1634 1746 de
1651 1714 1805 1746 CORNELI
1824 1739 1828 1745 .

351 1786 548 1819 Wufflmm
564 1787 594 1818 le
611 1786 851 1818 FRANKELEYN
870 1812 876 1817 .
895 1786 1022 1818 Taum
1041 1785 1185 1818 GRAMUS
1202 1788 1233 1816 et
1251 1785 1331 1817 aliis.

397 1855 515 1888 Round
532 1856 606 1894 scal,
624 1856 703 1887 dark
719 1867 816 1898 green
834 1867 915 1894 wax,
935 1856 997 1887 lin.
1016 1855 1112 1886 (liam.
1160 1854 1193 1886 A
1209 1856 1325 1886 rosette
1341 1853 1374 1885 of
1397 1853 1488 1896 eight
1503 1853 1618 1885 leaves.

779 1927 786 1941 ‘
806 1929 836 1961 -Ι-
859 1924 883 1955 s'
910 1935 1054 1956 RORERTI
1080 1935 1086 1955 :
1112 1934 1197 1955 F1L11
1223 1935 1229 1955 :
1257 1933 1373 1955 MILo'rl
1390 1922 1417 1954 :’

396 1994 619 2027 Endorsed—-‘
631 1995 727 2026 Carta
745 1994 879 2027 Roberti
898 1994 1013 2026 Russel
1029 1994 1069 2026 de
1085 1992 1240 2035 Penvey.'

826 2064 862 2090 (Ι)
876 2063 935 2085 This
948 2063 967 2085 is
981 2062 1041 2085 Milo
1054 2063 1086 2085 fil.
1098 2063 1204 2086 leivor
1215 2063 1240 2084 of
1258 2061 1351 2084 DCHL
