1998 2724
374 184 438 215 592

990 363 1157 398 DLXVI.

334 447 497 481 GRANT
528 447 593 480 BY
624 446 793 479 PHILIP
818 446 881 478 DE
906 446 1131 479 CORNELY
1154 447 1213 480 OF
1236 447 1355 480 IRON
1378 447 1480 480 AND
1504 447 1633 480 LEAD
1657 447 1807 482 MrNEs

442 517 506 549 ΟΝ
544 516 644 549 THE
682 515 814 549 WEST
852 515 912 548 OF
950 515 1049 547 THE
1092 515 1221 549 ROAD
1264 516 1396 549 FROM
1438 516 1709 550 NEW-TOWN
1750 516 1809 550 ΤΟ

441 586 665 619 CORNELY
688 585 747 618 ΤΟ
771 585 983 618 MARGAM
1006 585 1180 618 ABBEY.

875 666 1048 710 [MARGAM
1075 667 1269 711 CHARTER.]

375 751 546 783 Universis
567 750 708 782 CHRISTI
733 749 882 782 fidelibus
905 760 1034 791 presens
1057 750 1210 792 scriptum
1235 750 1349 782 visuris
1368 752 1400 782 et
1415 750 1574 782 audituris
1591 776 1598 782 .
1616 750 1808 783 Pfflmrrus

331 821 417 853 filius
432 820 621 853 WILLELMI
638 820 678 851 de
695 819 858 851 CORNELY
874 819 1011 851 salutem
1027 819 1061 851 in
1077 819 1229 851 Domino.

373 889 510 922 Noverit
526 889 718 921 universitas
735 891 839 920 vestra
855 889 941 930 quod
957 900 1018 931 ego
1034 888 1165 920 consilio
1181 890 1213 920 et
1229 899 1384 920 consensu
1399 888 1578 920 AMAfflLOE
1591 889 1700 921 uxoris
1711 899 1781 921 mee
1799 914 1806 920 .

328 964 361 992 et
391 959 547 990 heredum
579 969 723 990 meorum
755 958 831 990 dedi
862 961 895 990 et
929 957 1067 989 concessi
1099 961 1132 990 et
1163 957 1223 989 hac
1253 957 1394 1000 presenti
1417 961 1505 989 carta
1527 969 1598 990 mea
1621 958 1808 990 confirmavi

329 1029 493 1061 monachis
509 1029 548 1060 de
565 1028 719 1060 MARGAN
736 1030 839 1059 totam
861 1027 1020 1059 mineram
1045 1027 1182 1059 ferream
1206 1030 1237 1059 et
1263 1026 1450 1070 plumbeam
1476 1027 1511 1058 in
1538 1030 1623 1059 terra
1649 1038 1721 1059 mea
1744 1038 1807 1069 que

328 1099 414 1141 jacet
437 1098 471 1130 in
494 1098 643 1130 orientali
667 1100 757 1140 parte
781 1108 899 1139 magne
922 1097 973 1129 vie
996 1107 1058 1138 que
1082 1097 1170 1128 vadit
1193 1097 1234 1128 de
1258 1095 1355 1128 Novi
1372 1095 1484 1129 V1LLA
1507 1107 1608 1138 usque
1631 1097 1673 1128 ad
1695 1096 1808 1129 villam

328 1169 496 1201 WALTssm
528 1167 646 1199 Loum
682 1178 743 1208 que
778 1169 910 1198 vocatur
945 1165 1116 1198 OonNnLv.
1162 1165 1209 1198 Et
1241 1165 1266 1197 si
1298 1164 1469 1208 contigerit
1496 1166 1582 1207 quod
1605 1166 1730 1198 minera
1751 1165 1808 1198 illa

328 1238 472 1281 predicta
484 1238 519 1269 in
535 1237 621 1269 dieta
637 1240 722 1268 ten-a
737 1236 891 1268 defecerit
907 1236 1044 1267 concedo
1056 1235 1207 1277 predictis
1221 1234 1386 1266 monachis
1410 1238 1444 1267 ut
1470 1246 1526 1277 per
1544 1237 1650 1267 totum
1677 1235 1809 1268 feodum

328 1319 437 1340 meum
460 1307 580 1338 dictam
604 1306 761 1338 mineram
785 1306 853 1337 sine
876 1305 985 1347 aliqua
1009 1304 1260 1337 contradictione
1283 1305 1541 1346 quandocunque
1572 1304 1618 1337 eis
1652 1304 1809 1347 placuerit

329 1378 495 1419 requirant
511 1380 543 1408 et
558 1376 725 1408 inventam
740 1374 881 1406 habeant
899 1400 904 1406 .
924 1374 1071 1407 Concedo
1087 1373 1185 1405 etiam
1198 1373 1292 1405 dictis
1301 1373 1466 1405 monachis
1476 1373 1614 1406 liberum
1626 1373 1809 1416 ingressum

329 1450 361 1477 et
378 1456 540 1487 egressum
557 1456 630 1477 cum
645 1444 731 1486 bigis
747 1446 779 1475 et
794 1443 961 1486 quadrigis
977 1443 1019 1474 ad
1035 1443 1179 1475 eandem.
1227 1442 1281 1474 Ita
1302 1453 1378 1474 sane
1402 1443 1486 1484 quod
1512 1443 1622 1475 nullus
1646 1443 1730 1475 alius
1754 1443 1809 1475 de-

330 1519 433 1547 cetero
449 1526 505 1557 per
520 1526 571 1546 me
588 1525 643 1545 seu
659 1525 715 1555 per
732 1513 864 1545 heredes
880 1523 967 1544 meos
983 1513 1024 1544 ad
1039 1512 1196 1544 mineram
1213 1511 1400 1543 fodiendam
1416 1511 1450 1543 in
1462 1514 1530 1544 toto
1547 1511 1641 1544 feodo
1653 1523 1725 1544 meo
1741 1512 1809 1544 sine

331 1585 547 1628 predictorum
578 1583 807 1615 monachorum
835 1593 990 1614 consensu
1013 1607 1020 1613 .
1045 1581 1176 1614 consilio
1201 1606 1207 1612 .
1233 1585 1263 1612 et
1288 1580 1372 1613 bona
1395 1581 1562 1613 voluntate
1585 1581 1777 1613 admittetur
1801 1607 1807 1613 .

332 1653 496 1685 reddendo
512 1653 587 1684 inde
610 1652 690 1684 mihi
714 1655 746 1683 et
769 1651 941 1684 heredibus
963 1652 1043 1683 meis
1066 1650 1235 1682 annuatim
1258 1661 1360 1682 unum
1392 1661 1450 1693 par
1485 1650 1728 1691 oyrotheoarum
1759 1650 1810 1682 vel

333 1733 436 1754 unum
452 1722 621 1753 denarium
636 1722 678 1753 ad
694 1720 817 1753 Pascha
833 1731 890 1763 pro
906 1720 994 1752 omni
1010 1719 1139 1752 servitio
1157 1744 1163 1750 .
1182 1719 1412 1751 consuetudine
1430 1746 1435 1751 .
1454 1722 1485 1751 et
1502 1719 1663 1752 demanda
1680 1744 1686 1751 .
1704 1721 1735 1751 et
1751 1719 1811 1751 hoo

334 1791 490 1834 quamdiu
531 1791 651 1822 dictam
690 1790 848 1822 mineram
887 1792 1026 1832 querunt
1063 1791 1093 1820 et
1124 1788 1241 1820 habere
1272 1788 1395 1821 volunt.
1457 1788 1498 1820 Et
1529 1799 1590 1830 ego
1617 1791 1649 1820 et
1680 1787 1813 1820 heredes

334 1861 397 1892 mei
425 1860 544 1892 dictam
575 1859 783 1891 donationem
814 1859 908 1891 dictis
939 1858 1103 1890 monachis
1135 1857 1271 1889 fideliter
1301 1860 1332 1889 et
1364 1857 1432 1889 sine
1464 1857 1538 1889 dolo
1568 1860 1679 1889 contra
1702 1868 1812 1889 omnes

336 1929 483 1961 homines
498 1931 530 1960 et
548 1928 684 1960 feminas
699 1927 908 1960 warantizare
924 1930 1072 1959 tenemur
1095 1928 1126 1958 et
1150 1925 1430 1958 warantizabimus
1453 1926 1700 1968 imperpetuum.
1749 1925 1813 1958 Pro

336 1999 395 2030 hac
410 2001 518 2030 autem
535 1997 708 2029 donatione
724 2000 756 2028 et
773 1996 971 2029 concessione
988 2007 1059 2028 inea
1082 1995 1150 2027 xxffl·
1164 1995 1282 2027 solidos
1308 1994 1538 2037 sterlingorum
1565 1994 1643 2027 dicti
1663 1994 1812 2027 monaehi

336 2068 496 2100 dederunt
512 2067 592 2099 mihi
615 2066 745 2108 quando
768 2066 813 2098 eis
837 2065 918 2097 hanc
942 2076 1047 2097 meam
1070 2064 1132 2096 feci
1155 2067 1285 2096 cartam.
1333 2063 1379 2096 Et
1402 2067 1438 2095 ut
1459 2063 1517 2095 hec
1538 2073 1610 2095 meo
1627 2063 1759 2095 donatio
1779 2066 1812 2094 et

338 2137 494 2169 concessio
511 2137 544 2168 in
560 2139 722 2178 posterum
740 2135 902 2167 firmitatis
916 2134 1013 2167 robiu·
1029 2134 1173 2176 optineat
1186 2133 1326 2175 presenti
1337 2143 1409 2165 meo
1417 2132 1535 2174 scripto
1548 2132 1692 2175 sigillum
1704 2142 1813 2164 meum

337 2207 480 2249 apposui.
530 2205 607 2237 Iliis
623 2204 766 2237 testibus.

382 2276 584 2308 Exitium—⁴
597 2275 694 2307 Carta
710 2274 855 2316 Philippi
872 2274 912 2306 de
927 2273 1066 2315 Corncly
1083 2273 1122 2305 do
1139 2272 1262 2304 minera
1279 2272 1382 2304 ferrea
1397 2283 1459 2314 que
1475 2273 1522 2303 est
1539 2271 1572 2302 in
1589 2274 1674 2303 terra
1689 2270 1767 2303 sua.'
