1998 2724
1517 151 1579 181 509

844 468 939 502 DIV.

153 548 453 582 AGREEMENT
516 548 595 591 (BY
654 548 987 583 ARBITRATION
1047 550 1108 583 OF
1170 550 1269 583 THE
1328 548 1510 583 ABBOTS
1571 549 1630 582 OF

264 617 534 657 RIEVALLIS,
590 617 806 657 VAUDEY,
863 618 965 651 AM)
1022 618 1336 661 KINGSWOOD‚)
1392 618 1632 651 BETWEEN

261 686 361 719 THE
394 686 583 719 ABBEYS
607 686 666 719 OF
696 687 865 720 NEATH
897 688 999 720 AND
1030 688 1250 728 MARGAM,
1278 688 1513 721 SETTLING
1538 687 1629 720 DIS-

263 755 489 788 SENSIONS
537 755 639 788 AND
689 755 981 789 ARRANGING
1038 756 1213 790 GLAIMS
1258 757 1314 790 IN
1363 756 1630 796 NEWTOWN,

262 824 520 858 NEWTOWN
543 824 700 864 DOWN,
723 824 826 857 AND
852 825 1060 858 CORNELI
1084 826 1240 866 DOWN,
1265 827 1344 859 Ero.

397 905 572 949 [Mamm
597 905 792 950 CHARTER]
826 906 879 939 ST.
904 907 1083 940 AGATHA'S
1107 908 1194 940 DAY.
1228 909 1247 940 5
1271 908 1354 940 FER.
1390 908 1587 940 1237-1238.

199 987 359 1020 Omnibus
386 987 527 1020 Gnms'm
555 987 704 1020 fidelibus
729 999 858 1031 presens
885 989 1039 1031 seriptum
1066 990 1181 1022 visuris
1207 990 1258 1022 vel
1286 990 1445 1022 audituris
1472 990 1634 1022 Roemms

154 1056 352 1090 RvaLms
387 1082 394 1088 .
427 1056 628 1089 Nicnomns
663 1057 702 1089 de
735 1056 855 1090 VALLE
891 1057 954 1090 Dei
983 1084 989 1090 .
1020 1057 1205 1090 JOHANNES
1237 1059 1277 1090 de
1308 1058 1523 1090 Kmonswnn
1556 1058 1634 1090 dicti

154 1125 286 1158 abbates
302 1126 438 1158 salutem
454 1126 488 1158 in
505 1125 658 1158 Domino.

198 1194 254 1227 Ad
268 1194 488 1226 universitatis
503 1196 606 1227 vestre
627 1194 781 1227 noticiam
803 1195 951 1227 volumus
971 1195 1121 1228 devenire
1142 1196 1228 1238 quod
1244 1207 1354 1228 omnes
1374 1196 1586 1228 controversie
1602 1198 1635 1228 et

154 1263 282 1306 querele
306 1263 390 1295 inter
413 1264 546 1295 domum
568 1264 608 1296 de
631 1263 737 1296 Nem
761 1266 792 1296 et
816 1265 948 1296 domum
971 1266 1011 1297 de
1031 1265 1183 1297 MARGAN
1203 1267 1289 1298 mote
1305 1267 1380 1298 ante
1400 1265 1520 1298 festum
1541 1265 1633 1298 beate

152 1332 302 1365 AGATHE
325 1332 461 1376 virginis
485 1344 570 1365 anno
594 1333 697 1375 gratie
720 1338 766 1364 M0-
786 1339 839 1365 cc⁰¹
859 1334 1017 1366 tricesimo
1043 1334 1178 1376 septimo
1197 1360 1203 1366 .
1223 1334 1258 1366 in
1282 1320 1446 1377 presencia
1469 1337 1578 1367 nostra
1602 1339 1632 1367 et

152 1402 329 1435 multorum
355 1402 491 1434 afiorum
516 1402 575 1434 tali
598 1403 662 1434 fine
686 1404 940 1445 conquieverunt
965 1429 971 1435 .
996 1415 1053 1446 per
1075 1404 1242 1446 utriusque
1265 1403 1390 1436 abbatis
1406 1407 1437 1436 et
1455 1407 1631 1436 conventus

153 1482 352 1504 consensum.

197 1539 363 1582 Imprimis
379 1539 454 1582 quia
469 1542 618 1572 constans
634 1546 680 1572 est
697 1542 784 1583 quod
800 1540 898 1573 abbas
915 1542 954 1573 de
970 1541 1125 1573 MARGAN
1141 1544 1209 1574 tam
1228 1553 1285 1584 per
1300 1553 1333 1574 se
1349 1554 1446 1584 quam
1462 1554 1519 1585 per
1534 1554 1606 1575 suos
1623 1569 1628 1574 .

152 1621 250 1652 quam
266 1609 366 1641 eciam
381 1620 438 1651 per
453 1609 610 1642 seculares
626 1609 715 1641 nisus
731 1612 778 1642 est
799 1611 1007 1653 supplantare
1031 1610 1181 1643 abbatem
1204 1613 1236 1643 et
1259 1614 1454 1644 conventum
1469 1612 1509 1644 de
1524 1611 1629 1644 NETH

151 1678 191 1710 de
218 1678 295 1710 vilia
321 1689 383 1720 que
410 1678 527 1710 dieitur
549 1678 651 1711 Novi
672 1678 786 1712 V112LA
807 1682 840 1711 et
862 1683 1021 1722 quantum
1042 1680 1078 1712 in
1102 1691 1134 1712 se
1159 1680 1224 1712 fuit
1247 1683 1358 1713 contra
1377 1681 1517 1714 formam
1538 1693 1628 1724 apos-

149 1748 280 1780 tolicam
298 1772 303 1779 .
321 1749 354 1779 et
369 1749 528 1789 quantum
543 1747 578 1780 in
594 1759 626 1780 se
642 1748 707 1780 fuit
723 1749 933 1781 circumvenit
949 1751 981 1781 et
997 1760 1219 1792 supergressus
1242 1751 1290 1782 est
1306 1750 1341 1782 in
1357 1751 1489 1793 negotio
1512 1751 1628 1784 fratres

152 1827 224 1849 suos
242 1842 248 1848 .
265 1815 429 1858 provisum
441 1818 488 1848 est
499 1818 536 1848 ut
547 1818 616 1849 tam
629 1816 696 1859 ipse
707 1829 804 1859 quam
819 1829 928 1850 omnes
945 1829 1136 1850 successores
1149 1818 1198 1850 sui
1214 1818 1398 1851 abstineant
1413 1822 1444 1851 et
1460 1822 1629 1853 arceantur

150 1886 185 1918 in
200 1887 392 1928 perpetuum
407 1884 448 1917 ab
463 1885 678 1928 adquisitione
694 1886 778 1918 dicte
794 1886 870 1919 ville
888 1912 894 1919 .
912 1887 974 1919 nisi
990 1898 1047 1930 per
1059 1898 1247 1920 consensum
1263 1887 1387 1921 abbatis
1403 1891 1435 1921 et
1452 1892 1626 1922 conventus

150 1955 190 1987 de
210 1953 325 1986 Num.
392 1953 512 1986 Caveat
534 1954 633 1987 etiam
655 1955 850 1988 sufficienter
872 1967 929 1998 per
953 1959 1073 1988 cartam
1097 1959 1273 1989 conventus
1295 1957 1335 1989 de
1358 1957 1514 1989 MARGAN
1538 1959 1625 2000 quod

150 2034 319 2066 nunquam
333 2022 368 2055 in
383 2025 576 2066 perpetuum
591 2023 689 2056 abbas
704 2027 735 2056 et
752 2028 928 2057 conventus
943 2025 983 2057 de
999 2024 1103 2058 NETH
1120 2025 1251 2068 aliquod
1273 2037 1330 2068 per
1351 2026 1436 2069 ipsos
1458 2027 1625 2060 incurrant

150 2092 419 2135 impedimentum
435 2092 514 2134 quin
529 2093 650 2126 dictam
665 2093 777 2126 viliam
793 2094 835 2126 ad
850 2105 930 2136 opus
945 2105 1040 2127 suum
1063 2094 1246 2137 adquirant.
1294 2094 1469 2128 Provideat
1490 2096 1624 2129 nichilo-

150 2161 259 2193 minus
282 2159 380 2192 abbas
403 2161 444 2193 de
468 2160 573 2193 NETH
595 2173 636 2194 ne
661 2161 697 2194 in
722 2161 884 2204 emptione
910 2163 960 2194 vel
983 2163 1198 2205 adquisitione
1220 2163 1304 2196 dicte
1327 2163 1403 2196 ville
1419 2164 1626 2197 diffinitiones

151 2229 285 2272 capituli
300 2229 459 2272 generalis
473 2230 740 2273 transgrediatur.
