1998 2724
1536 136 1598 167 451

804 408 1010 442 CCCCLIX.

169 493 333 527 GRANT
360 492 425 524 BY
450 491 674 524 WILLIAM
698 490 763 523 DE
789 489 1009 523 LONDRES
1037 489 1095 522 OF
1123 488 1222 521 THE
1249 488 1383 521 LAND
1409 486 1648 519 BETWEEN

278 561 377 594 THE
416 560 562 593 GARW
599 559 701 592 AND
741 559 840 592 THE
883 558 1078 592 OGMORE
1117 558 1174 590 ΤΟ
1221 557 1454 590 MARGAM·
1476 555 1650 595 ABEEY,

280 630 415 664 WITH
447 628 759 662 HALF-SHARE
791 628 850 660 OF
881 626 1266 660 FOREST-RIGHTS.

715 709 890 753 [MARGAM
912 708 1107 752 CHARTER]

215 793 375 826 Omnibus
390 793 507 826 Sancte
523 792 649 824 ecclesie
665 791 740 824 filiis
755 803 786 834 p.
804 794 836 823 et
852 791 874 823 f.
893 791 1109 824 WILLELMUS
1125 791 1165 822 de
1181 788 1409 833 LOND[0NIIS]
1429 790 1574 821 salutem.

217 863 332 896 Sciatis
354 874 406 894 me
427 862 557 894 consilio
579 864 611 893 et
634 872 789 893 consensu
811 860 923 892 matris
949 871 1018 892 mee
1040 862 1071 892 et
1095 859 1204 891 fratris
1227 859 1290 891 mei
1319 858 1446 890 Tuom
1474 859 1513 889 de
1540 857 1653 889 Los-n-

176 931 300 975 [0N11s]
325 933 357 963 et
377 931 513 963 aliorum
534 930 709 962 amicorum
729 941 873 961 meorum
894 929 1080 961 concessisse
1101 931 1133 960 et
1152 928 1275 960 dedisse
1292 930 1323 959 et
1338 927 1397 959 hac
1413 927 1553 969 presenti
1569 929 1657 958 carta

173 1012 246 1033 mea
276 1000 477 1033 confixmasse
507 999 578 1032 Deo
609 1002 642 1031 et
671 999 799 1031 ecclesie
826 998 858 1031 S.
882 998 929 1030 M.
954 999 994 1030 de
1024 998 1071 1030 M.
1097 1001 1129 1030 et
1154 997 1318 1029 monachis
1345 997 1417 1028 Deo
1444 996 1564 1027 ibidem
1592 1007 1654 1027 ser-

174 1069 336 1102 vientibus
366 1081 423 1112 pro
454 1069 557 1101 salute
586 1068 693 1100 anime
722 1079 792 1100 mee
822 1070 854 1099 et
884 1070 1117 1099 antecessorum
1148 1068 1179 1098 et
1209 1076 1424 1098 successorum
1450 1075 1596 1097 meorum
1622 1064 1657 1096 in

172 1141 360 1181 perpetuam
379 1137 585 1170 elemosinam
609 1136 761 1180 quicquid
784 1136 965 1169 continetur
986 1136 1070 1167 inter
1090 1136 1148 1167 has
1169 1136 1249 1167 duas
1272 1146 1371 1176 aquas
1395 1160 1401 1166 .
1425 1134 1604 1167 VKGEMOR
1625 1136 1657 1165 et

175 1207 307 1241 Gmmvn
325 1234 331 1239 .
349 1207 383 1239 in
399 1207 492 1239 bosco
508 1209 540 1239 et
554 1207 652 1249 plano
669 1232 676 1238 .
694 1205 734 1238 ab
750 1217 787 1238 eo
802 1206 869 1237 loco
886 1204 942 1237 ubi
959 1205 1113 1237 GAREWE
1129 1204 1215 1236 cadit
1230 1204 1263 1236 in
1280 1203 1480 1236 VKGEMORE
1497 1206 1658 1245 quantum

172 1279 259 1309 terra
281 1287 353 1308 mea
378 1277 473 1308 durat
494 1287 602 1307 versus
622 1275 785 1307 Bonum
808 1300 814 1306 .
837 1276 874 1306 ut
895 1274 1035 1306 habeant
1055 1276 1087 1305 et
1109 1275 1241 1305 teneant
1265 1283 1335 1304 eam
1359 1273 1400 1304 ad
1421 1271 1655 1304 feudofirmam.

175 1346 355 1378 Reddendo
378 1345 476 1377 michi
499 1347 531 1376 et
553 1343 723 1376 heredibus
745 1344 824 1376 meis
847 1343 1016 1375 annuatim
1036 1368 1042 1375 .
1068 1347 1136 1374 mei
1155 1353 1276 1374 marcas
1294 1367 1300 1373 .
1318 1341 1437 1373 scilieet
1461 1352 1515 1372 xx.
1541 1340 1657 1372 solidos

174 1415 217 1447 ad
242 1414 362 1447 festum
388 1413 499 1446 Sancti
525 1413 722 1445 MchAELIS
750 1439 756 1445 .
785 1414 818 1445 et
845 1423 900 1444 xx.
929 1412 1045 1444 solidos
1069 1411 1111 1443 ad
1135 1410 1271 1442 PAscffl
1301 1436 1307 1442 .
1333 1421 1391 1452 pro
1416 1409 1504 1442 omni
1529 1409 1657 1441 servitio

175 1483 406 1516 consuetudine
444 1486 476 1515 et
513 1482 687 1514 exactione.
752 1481 799 1513 Et
828 1482 993 1514 sciendum
1025 1481 1111 1523 quod
1144 1480 1330 1512 forestarius
1360 1491 1450 1511 meus
1481 1480 1657 1511 custodiam

175 1552 314 1585 nemoris
334 1551 466 1584 habebit
485 1563 557 1583 cum
578 1551 709 1583 consilio
736 1550 861 1583 abbatis
891 1551 931 1582 de
960 1550 1126 1582 MARGAN.
1173 1548 1227 1581 Ita
1248 1549 1334 1591 quod
1353 1560 1412 1591 ego
1433 1549 1509 1580 inde
1533 1548 1657 1591 capiam

174 1623 335 1664 quantum
351 1632 429 1663 opus
447 1620 588 1653 habuero
604 1621 646 1652 ad
666 1620 809 1662 proprios
827 1632 904 1652 usus
926 1630 1013 1651 meos
1034 1621 1066 1651 et
1083 1618 1252 1651 hominum
1274 1628 1418 1650 meorum
1435 1643 1441 1649 .
1459 1620 1492 1649 et
1509 1617 1657 1649 monachi

176 1690 251 1722 inde
268 1690 395 1732 capient
410 1691 568 1732 quantum
584 1701 663 1731 opus
678 1689 851 1721 habuerint
866 1689 907 1720 ad
923 1700 998 1720 usus
1014 1687 1157 1730 proprios
1171 1713 1177 1719 .
1191 1686 1259 1718 sine
1275 1687 1414 1718 nemoris
1429 1686 1654 1718 destruccione.

176 1758 224 1791 Et
239 1769 298 1801 ego
314 1761 346 1790 et
360 1758 491 1790 heredes
506 1758 571 1790 mei
586 1758 865 1790 warantizabimus
879 1757 1029 1800 predictis
1044 1756 1208 1789 monachis
1223 1755 1306 1787 hauc
1325 1755 1531 1788 elemosinam
1547 1757 1656 1787 contra

177 1838 286 1860 omnes
305 1827 449 1860 homines
470 1827 716 1870 imperpetuum.
763 1827 842 1859 Hiis
861 1826 997 1859 testibus
1019 1851 1026 1858 .
1049 1825 1177 1858 Tuom
1197 1825 1236 1856 de
1257 1823 1485 1867 LOND[0N11s]
1509 1850 1516 1856 .
1542 1823 1656 1855 PETRo

177 1896 358 1928 Pmcmzm
376 1922 382 1928 .
401 1896 567 1928 Rmmo
594 1897 633 1928 de
661 1896 819 1928 CANTELO
840 1922 847 1928 .
868 1895 1045 1929 WALTERo
1079 1894 1196 1926 GUNm
1221 1919 1228 1926 .
1254 1893 1384 1925 OWENO
1410 1894 1441 1925 le
1467 1893 1623 1926 Nonssms
1647 1917 1655 1926 .

176 1965 320 1998 PAGANO
335 1966 375 1997 de
391 1965 639 1998 TURBERVILLE
654 1991 660 1997 .
675 1965 851 1997 GILBERTO
866 1965 906 1996 de
922 1964 1170 1997 TURBERVILLE
1184 1987 1191 1995 .
1206 1962 1399 1996 WILLELMO
1415 1963 1455 1994 de
1472 1962 1630 1995 CAN-mm
1647 1987 1654 1994 .

177 2034 336 2067 OSBERNO
353 2034 464 2067 clerico
481 2061 487 2067 .
506 2034 668 2067 Romarm
685 2034 805 2066 clerico.

220 2102 443 2135 Endorsed--‘
455 2102 506 2134 De
522 2102 778 2136 Kevenmahhai.
825 2102 968 2135 Donatio
984 2101 1144 2134 Wfflelmi
1160 2101 1199 2132 de
1215 2099 1458 2143 Lond[oniis].'
