1998 2724
299 147 362 178 :284

257 305 402 337 retinere.
450 304 547 339 Quod
563 304 588 337 si
605 304 676 347 quis
698 305 781 336 forte
806 304 943 336 retinere
964 304 1193 346 presumpserit
1218 330 1224 336 .
1252 304 1377 336 licitiun
1404 303 1493 337 vobis
1520 303 1562 336 sit
1586 303 1621 336 in
1645 303 1730 346 ipsos

257 373 428 407 monachos
451 373 503 405 vel
524 385 689 406 conversos
715 373 896 416 regularem
927 373 1123 405 sententiam
1152 372 1367 416 promulgare.
1429 372 1519 405 Illud
1558 372 1733 404 districtius

257 443 440 476 inhibentes
455 444 495 475 de
510 444 611 475 terras
626 454 682 475 scu
697 441 862 485 quodlibet
877 441 1069 474 beneficium
1084 442 1212 475 ecclesie
1229 445 1332 475 vestre
1348 442 1501 474 collatum
1515 442 1611 474 liceat
1631 441 1727 474 alicui

257 512 466 556 personaliter
491 512 566 544 dare
590 512 655 544 sive
683 512 745 544 alio
768 512 863 544 modo
887 511 1020 544 alienari
1045 538 1051 544 .
1076 510 1196 554 absque
1223 523 1377 544 consensu
1405 511 1504 544 totius
1526 510 1659 553 capituli
1682 510 1733 543 vel

257 583 389 626 majoris
404 585 461 615 aut
476 582 610 615 sanioris
625 582 725 625 partis
741 582 850 625 ipsius.
897 581 932 614 Si
949 593 1010 624 que
1025 593 1100 614 vero
1115 581 1305 614 donationes
1329 585 1386 613 aut·
1408 580 1618 612 alienationes
1641 580 1737 612 aliter

257 664 354 695 quam
370 652 491 684 dictum
508 654 555 684 est
570 651 654 683 facte
670 651 793 683 fuerint
808 662 860 682 eas
876 650 982 683 irritas
998 662 1064 683 esse
1079 661 1252 683 censemus.
1299 649 1356 682 Ad
1376 649 1434 683 hee
1457 649 1557 682 eciam
1580 648 1728 692 prohibe-

256 733 327 755 mus
343 733 383 754 ne
399 721 515 764 aliquis
530 720 704 753 monachus
727 720 793 752 sive
816 731 985 752 conversus
1008 718 1067 752 sub
1091 719 1287 762 professione
1315 720 1419 751 vestre
1446 719 1561 750 domus
1586 717 1735 750 astrictus

257 792 324 824 sine
351 801 506 823 consensu
533 792 565 821 et
590 789 720 821 licentia
747 788 871 821 abbatis
902 791 935 820 et
964 788 1096 831 majoris
1126 789 1227 831 partis
1256 788 1390 831 capituli
1420 788 1516 820 vestri
1544 799 1601 830 pro
1625 787 1732 829 aliquo

256 858 433 902 fidejubeat
450 885 455 891 .
474 858 525 891 vel
541 858 582 890 ab
598 858 706 900 aliquo
721 858 891 900 pecuniam
906 860 1020 890 mutuo
1043 857 1176 900 accipiat
1201 857 1288 889 ultra
1312 857 1453 900 pretium
1478 856 1614 900 capituli
1637 856 1735 888 vestri

255 927 457 971 providentia
473 927 685 959 constitutum
703 953 708 958 .
727 926 789 958 nisi
806 928 935 969 propter
950 926 1157 959 manifestam
1172 927 1286 959 domus
1302 929 1404 959 vestre
1421 926 1605 958 utilitatem.
1639 925 1736 961 Quod

256 998 281 1029 si
297 997 400 1029 faeere
423 995 654 1039 presumpserit
679 1007 744 1028 non
770 998 919 1028 teneatur
939 998 1114 1028 conventus
1134 1007 1192 1039 pro
1219 996 1280 1028 hiis
1303 996 1508 1038 aliquatenus
1528 995 1728 1038 respondere.

253 1066 396 1099 Licitum
408 1067 555 1108 preterea
569 1065 610 1097 sit
626 1065 715 1097 vobis
727 1065 761 1097 in
775 1064 876 1097 causis
889 1065 1024 1108 propriis
1040 1065 1106 1097 sive
1119 1065 1245 1097 civilem
1261 1066 1326 1098 sive
1339 1065 1538 1098 criminalem
1551 1064 1738 1097 contineant

254 1135 453 1178 questionem
470 1134 608 1166 fratrum
624 1137 803 1167 vestrorum
819 1133 1011 1166 testimoniis
1026 1134 1075 1166 uti
1092 1160 1098 1166 .
1116 1146 1157 1166 ne
1171 1145 1227 1177 pro
1243 1134 1371 1167 defectu
1382 1134 1514 1166 testium
1525 1133 1578 1177 jus
1588 1135 1730 1165 vestrum

254 1205 288 1236 in
305 1204 412 1246 aliquo
436 1204 541 1236 valeat
565 1204 718 1246 deperire.
766 1203 904 1246 Insuper
929 1203 1119 1235 auctoritate
1143 1203 1317 1246 apostolica
1340 1202 1547 1235 inhibemus.
1576 1213 1617 1234 ne
1646 1202 1732 1234 ullus

256 1274 421 1317 episeopus
443 1273 495 1306 vel
518 1272 660 1316 quelibet
681 1273 745 1305 alia
760 1284 895 1316 persona
911 1273 953 1304 ad
968 1272 1096 1304 sinodos
1112 1272 1163 1304 vel
1179 1274 1354 1304 conventus
1370 1272 1512 1304 forenses
1528 1283 1583 1303 vos
1598 1271 1644 1302 ire
1662 1297 1668 1302 .
1686 1270 1738 1303 vel

255 1344 378 1386 judicio
394 1343 527 1376 seculari
547 1343 586 1375 de
607 1345 712 1375 vestra
735 1342 864 1385 propria
886 1341 1066 1374 substantia
1089 1342 1139 1374 vel
1162 1341 1411 1384 possessionibus
1433 1341 1547 1373 vestris
1574 1340 1740 1383 subjacere

258 1413 427 1456 compellat
451 1439 456 1445 .
480 1424 538 1444 nec
561 1412 602 1444 ad
625 1413 736 1444 domos
758 1415 878 1443 vestras
901 1422 995 1443 causa
1021 1411 1149 1443 ordines
1175 1411 1380 1444 celebrandi.
1399 1421 1508 1443 causas
1532 1410 1709 1442 tractrandi
1733 1436 1739 1441 .

259 1483 309 1515 vel
340 1485 516 1514 conventus
542 1482 666 1523 aliquos
692 1481 836 1524 publicos
863 1481 1059 1513 convocandi
1086 1507 1091 1512 .
1119 1480 1227 1513 venire
1255 1484 1417 1523 presumat
1443 1506 1448 1511 .
1475 1490 1534 1511 nee
1560 1479 1741 1521 regularem

260 1552 446 1584 electionem
465 1550 589 1583 abbatis
604 1551 699 1583 vestri
717 1551 873 1593 impediat
890 1553 946 1582 aut
965 1550 1004 1582 de
1026 1550 1224 1582 instituendo
1249 1550 1301 1581 vel
1323 1549 1516 1581 removendo
1540 1560 1575 1580 eo
1600 1548 1656 1590 qui
1681 1560 1741 1590 pro

261 1625 404 1664 tempore
427 1621 525 1653 fuerit
549 1626 659 1653 eontra
683 1623 803 1652 statuta
828 1620 1078 1652 Ommcnmsm
1102 1620 1223 1652 ordinis
1247 1632 1279 1651 se
1307 1619 1510 1661 aliquatenus
1536 1618 1741 1650 intromittat.

265 1692 295 1723 Si
316 1703 388 1723 vero
405 1691 569 1733 episcopus
584 1691 617 1722 in
635 1691 686 1733 cuj
692 1702 727 1721 us
744 1690 909 1732 parrochia.
925 1690 1039 1721 domus
1054 1692 1160 1721 vestra
1176 1689 1315 1721 fundata
1335 1693 1383 1720 est
1405 1700 1477 1719 cum
1501 1688 1684 1719 humilitate
1707 1699 1744 1720 ac

266 1761 434 1793 devotione
451 1771 514 1802 qua
530 1760 679 1792 convenit
693 1759 865 1801 requisitus
881 1758 1091 1790 substitutum
1106 1757 1256 1790 abbatem
1271 1757 1457 1790 benedicere
1478 1760 1511 1789 et
1533 1757 1596 1789 alia
1620 1768 1681 1799 que
1703 1757 1745 1789 ad

268 1830 406 1862 officium
422 1829 598 1872 episcopale
613 1829 776 1871 pertinent
794 1828 884 1860 vobis
905 1828 1048 1860 conferre
1067 1827 1208 1860 renuerit
1226 1853 1232 1859 .
1249 1827 1374 1859 licitum
1395 1827 1435 1858 sit
1459 1827 1564 1858 cidem
1587 1826 1697 1858 abbati
1719 1826 1746 1858 si

270 1904 378 1931 tamen
395 1898 538 1930 sacerdos
554 1897 651 1929 fuerit
669 1924 674 1929 .
694 1898 837 1940 proprios
854 1899 990 1930 novitios
1005 1898 1191 1930 benedicere
1208 1901 1238 1929 et
1258 1898 1321 1929 alia
1342 1909 1402 1939 quc
1427 1898 1467 1928 ad
1492 1898 1630 1929 officium
1654 1907 1747 1929 suum

273 1968 434 2010 pertinent
451 1978 595 1999 exercere
613 1993 618 1998 .
638 1969 668 1998 et
686 1967 774 1999 vobis
790 1967 897 1999 omnia
914 1967 954 1999 ab
970 1967 1033 1999 alio
1050 1967 1195 2009 episcopo
1211 1967 1371 2009 percipere
1387 1978 1448 2007 quc
1467 1978 1486 1998 a
1503 1970 1606 1998 vostro
1627 1965 1750 1998 fuerint

275 2036 416 2069 indebite
432 2037 599 2078 denegata.
648 2036 737 2068 Illud
753 2037 926 2069 adicientes
942 2040 977 2068 ut
995 2037 1028 2068 in
1045 2036 1234 2078 recipiendis
1255 2035 1504 2078 professionibus
1528 2046 1589 2077 que
1612 2046 1631 2066 a
1654 2034 1749 2066 bene-

276 2106 369 2138 dictis
384 2105 434 2137 vel
450 2105 675 2137 benedicendis
690 2105 859 2137 abbatibus
875 2105 1045 2138 exibentur
1062 2132 1068 2137 .
1087 2116 1123 2137 ea
1139 2105 1205 2137 sint
1220 2104 1358 2147 episcopi
1374 2104 1478 2136 forma
1496 2107 1529 2135 ct
1549 2103 1750 2145 expressione

279 2174 419 2207 contenti
439 2200 444 2206 .
463 2186 524 2215 que
541 2174 580 2206 ab
596 2174 720 2217 origine
737 2174 857 2206 ordinis
877 2175 1016 2206 noscitur
1038 2174 1187 2206 instituta
1204 2200 1209 2205 .
1228 2176 1264 2205 ut
1287 2173 1405 2205 scilieet·
1429 2172 1560 2205 abbates
1582 2172 1643 2215 ipsi
1667 2172 1753 2204 salvo

276 2244 387 2276 ordine
404 2254 459 2274 suo
481 2243 622 2285 profiteri
644 2243 779 2275 debcant
798 2269 803 2275 .
822 2246 853 2275 ct
877 2247 987 2275 eontra
1010 2245 1131 2275 statuta
1154 2243 1275 2274 ordinis
1297 2243 1346 2274 sui
1371 2242 1494 2274 nullam
1522 2241 1750 2284 professionem
