1998 2724
1518 182 1577 214 641

155 351 226 372 mee
248 351 320 372 oum
343 339 546 382 pertinentiis
563 365 568 370 .
587 350 648 381 que
663 339 772 382 jacent
794 339 879 371 inter
894 339 1088 381 pendentem
1104 349 1237 381 gravam
1253 350 1293 370 ex
1308 340 1398 380 parte
1420 338 1600 380 aquilonari
1617 364 1622 370 .

157 408 202 441 Et
218 408 304 440 viam
320 419 382 450 que
395 407 502 440 tendit
516 408 556 439 de
571 407 727 439 EWENNY
743 419 852 441 versus
874 407 1087 440 LANGUNU‘H
1104 407 1138 439 in
1154 410 1245 449 parte
1260 406 1393 439 australi
1410 432 1416 438 .
1434 406 1480 438 Et
1496 407 1626 448 insuper

157 478 237 509 duas
253 488 339 509 acras
354 479 387 508 et
401 476 570 508 dimidiam
585 476 670 518 prati
693 477 756 509 mei
779 489 852 509 eum
874 476 1078 519 pertinentiis
1095 501 1101 508 .
1120 488 1181 518 que
1196 475 1305 517 jacent
1320 475 1433 507 subtus
1448 475 1625 517 predictam

157 546 243 578 viam
259 571 265 577 .
284 557 323 577 ex
338 547 428 587 parte
445 544 624 586 aquilonari
643 571 648 576 .
667 545 713 576 Et
729 549 847 577 terram
870 545 1085 588 predictorum
1101 544 1226 576 abbatis
1242 547 1272 576 et
1289 547 1464 576 conventus
1486 544 1521 575 in
1537 546 1627 586 parte

157 614 313 646 australi.
330 625 387 656 per
409 614 552 656 spacium
575 614 791 656 quadraginta
813 625 973 646 annorum
995 614 1200 655 sequencium
1219 639 1225 645 .
1244 624 1300 655 pro
1324 613 1494 655 sexaginta
1517 612 1627 645 solidis

159 682 385 724 sterlingorum
409 707 416 713 .
441 693 520 724 quos
543 682 584 713 ad
607 682 868 725 urgentissimam
891 683 1111 714 necessitatem
1134 694 1240 715 meam
1263 682 1303 714 ab
1327 682 1447 714 eisdem
1471 682 1506 714 in
1530 681 1628 724 legali

156 754 286 783 moneta
302 751 426 793 percepi
444 777 450 782 .
470 758 534 782 una
549 762 622 783 cum
644 752 794 783 undecim
820 752 928 783 solidis
944 754 975 783 et
992 754 1061 784 octo
1077 752 1217 783 denariis
1233 763 1312 793 quos
1334 763 1391 793 pro
1406 751 1536 783 redditu
1559 762 1629 793 pre-

157 820 295 852 limitate
318 822 400 852 terre
416 831 472 862 per
495 820 637 862 spacium
653 820 809 852 dictorum
834 821 1050 863 quadraginta
1072 832 1232 853 annorum
1247 820 1288 853 ab
1310 821 1387 863 ipsis
1402 832 1458 863 pre
1480 820 1630 852 manibus

159 889 264 931 accepi
282 915 288 920 .
306 889 348 920 ad
363 889 624 931 urgentissimam
640 889 860 921 necessitatem
882 901 996 921 meam.
1044 890 1090 922 Et
1105 901 1166 932 ego
1181 893 1214 921 et·
1229 890 1360 921 heredes
1376 890 1438 921 mei
1454 889 1630 931 predictam

160 959 278 989 terram
293 957 443 999 predictis
452 957 530 990 viris
546 958 703 1000 religiosis
717 970 774 1001 per
784 958 904 990 dictam
917 959 1059 1001 spacium
1075 959 1292 1002 quadraginta
1305 970 1463 990 annorum
1475 962 1506 990 et
1518 958 1605 990 ultra
1622 984 1628 989 .

160 1027 260 1058 donee
275 1026 452 1069 predictam
474 1027 643 1069 pecuniam
660 1027 829 1070 sexaginta
851 1028 1026 1060 solidorum
1042 1028 1218 1070 receperint
1236 1054 1241 1059 .
1261 1028 1395 1060 liberam
1411 1030 1444 1060 et
1459 1028 1603 1070 quietam
1621 1053 1627 1059 .

160 1095 201 1127 ab
224 1096 311 1128 omni
335 1096 499 1128 exactione
524 1122 530 1128 .
555 1099 587 1128 et
614 1097 774 1128 demanda
802 1122 808 1128 .
838 1100 870 1129 et
897 1098 1027 1129 servicio
1054 1098 1185 1129 seculari
1211 1100 1321 1129 eontra
1349 1108 1458 1129 omnes
1488 1096 1634 1129 homines

165 1164 444 1197 warantizabimus
468 1191 474 1197 .
499 1165 544 1197 Et
575 1166 601 1197 si
626 1165 746 1198 dictam
777 1168 895 1198 terram
922 1166 1015 1198 dictis
1043 1166 1118 1198 viris
1148 1166 1305 1208 religiosis
1335 1165 1540 1198 warantizare
1567 1176 1633 1197 non

161 1238 271 1276 potero
284 1259 290 1265 .
305 1245 365 1276 ego
377 1234 427 1266 vel
442 1233 574 1266 heredes
589 1235 653 1266 mei
669 1235 708 1266 de
725 1235 789 1266 alia
804 1238 889 1267 terra
904 1246 975 1266 mea
988 1235 1181 1277 competenti
1197 1235 1291 1266 dictis
1301 1235 1377 1266 viris
1391 1235 1631 1266 satisfaciemus.

161 1302 205 1335 In
219 1303 313 1346 cujus
328 1303 374 1334 rei
388 1303 608 1335 testimonium
619 1304 758 1346 presenti
774 1304 891 1346 scripto
907 1303 1051 1346 sigillum
1068 1315 1172 1335 meam
1189 1304 1332 1346 apposui.
1379 1303 1457 1335 Hiis
1473 1303 1608 1336 testibus
1626 1329 1632 1335 .

161 1371 389 1404 KENEWRECH
413 1371 453 1404 ab
476 1372 593 1405 JHAGO
618 1399 624 1404 .
650 1372 821 1404 Pmmppo
844 1373 910 1405 filio
935 1372 1122 1405 WILLELMI
1146 1372 1186 1404 ab
1203 1372 1341 1405 WRONU
1361 1398 1366 1404 .
1386 1373 1551 1404 RADULFO
1568 1373 1634 1405 filio

162 1441 300 1474 WRONU
327 1467 333 1472 .
357 1441 472 1474 Pmno
486 1442 586 1474 fratre
601 1442 701 1484 ipsius
717 1442 877 1474 Ranunri
896 1468 901 1473 .
920 1442 1026 1474 ADAM
1042 1442 1082 1474 ab
1099 1441 1232 1474 Emorfl
1251 1468 1256 1473 .
1275 1444 1307 1474 et
1322 1442 1402 1474 aliis.

204 1509 402 1552 Pip-shaped
425 1521 460 1541 or
482 1510 703 1552 pointed-oval
726 1511 799 1549 seal,
825 1523 923 1553 green
946 1523 1026 1549 wax,
1045 1511 1222 1553 imperfect.
1269 1510 1367 1542 Asin
1386 1511 1480 1542 Harl.
1500 1511 1635 1543 Charter

160 1579 201 1610 75
219 1578 253 1610 O.
272 1577 473 1611 49.—-DOV.

415 1638 422 1651 ‘
442 1640 473 1671 -Ι-
502 1634 527 1666 s’
553 1634 702 1678 a[os’'r]1
750 1647 793 1667 RU
813 1661 1001 1668 ........
1049 1635 1114 1667 FIL’
1161 1647 1186 1666 M
1204 1662 1210 1667 .
1230 1662 1236 1667 .
1257 1661 1262 1667 .
1281 1636 1377 1667 oms)

205 1704 426 1736 Endorsed--‘
440 1703 537 1735 Carta
553 1703 687 1736 Roberti
703 1704 820 1736 Russel
835 1705 874 1736 de
891 1704 1023 1746 Penvey
1040 1705 1078 1736 de
1095 1705 1312 1736 invadiatione
1329 1705 1467 1737 duarum
1483 1717 1630 1737 acrarum

157 1776 241 1805 terre
257 1772 386 1804 arabilis
405 1798 411 1804 .
430 1775 462 1804 et
477 1773 615 1805 duarum
631 1785 776 1805 acrarum
793 1776 824 1805 et
841 1774 976 1805 dimidie
991 1774 1074 1816 prati
1092 1785 1149 1814 pro
1166 1779 1229 1805 an·
1248 1773 1378 1806 solidis.'

818 1872 963 1905 DOVII.

204 1941 419 1974 RELEASE
456 1941 522 1973 BY
560 1941 659 1973 THE
697 1941 824 1974 SAME
863 1942 923 1974 OF
960 1942 993 1974 A
1031 1942 1160 1974 RENT
1199 1942 1258 1974 OF
1301 1943 1586 1976 FOURPENOE

441 2004 649 2044 YEARLY,
688 2004 797 2043 ETC„
835 2004 893 2037 ΤΟ
932 2005 1142 2037 MARGAM
1180 2005 1352 2037 ABBEY.

623 2067 754 2109 [HARL.
780 2067 954 2105 Onnum,
979 2068 1020 2099 75
1038 2067 1063 2099 C
1092 2067 1161 2110 51.]

935 2130 1034 2161 PALM
1058 2130 1208 2163 SUNDAY.
1260 2132 1296 2162 17
1321 2131 1444 2163 Apnu„
1494 2133 1585 2164 1261.

203 2197 312 2230 Sciant
328 2200 489 2239 presentes
504 2201 535 2229 et
552 2198 666 2230 ffuturi
683 2224 689 2230 .
709 2198 804 2233 Quod
821 2210 880 2241 ego
904 2198 1086 2230 Romanus
1103 2199 1234 2231 Rtsssssl,
1252 2225 1258 2231 .
1276 2200 1315 2231 de
1332 2200 1477 2231 PENUEY
1502 2225 1508 2232 .
1533 2201 1630 2233 ffilius

157 2266 318 2299 M1LON1s¹
344 2277 429 2298 anno
451 2265 584 2298 Domini
610 2292 615 2298 .
642 2273 685 2298 Μ““Δ
706 2272 758 2298 00⁰*
778 2268 975 2309 sexagesimo
994 2268 1096 2309 primo
1119 2268 1199 2299 circa
1222 2267 1426 2300 Dominicam
1443 2268 1630 2301 Palmarum

309 2372 362 2398 41²
