1998 2724
1544 162 1605 195 711

174 320 401 362 inperpetuum
429 321 459 351 et
479 319 546 351 sine
566 320 754 362 gravamine
781 320 815 351 in
836 319 929 351 bosco
951 321 983 351 et
1001 319 1097 361 plano
1122 319 1247 361 pascuis
1269 322 1300 351 et
1321 320 1460 362 pasturis
1481 320 1514 351 in
1538 320 1597 352 viis
1620 323 1650 352 et

174 389 305 421 semitis.
363 388 543 421 Reddendo
568 388 644 420 inde
675 388 756 420 mihi
783 390 815 421 et
845 388 1015 420 heredibus
1045 388 1125 420 meis
1156 389 1292 431 singulis
1317 389 1411 420 annis
1435 389 1651 431 quadraginta

173 458 321 490 denarios
336 458 377 489 ad
397 460 534 499 quatuor
554 457 632 489 anni
656 457 809 489 terminos
831 457 981 489 videlicet
1000 457 1042 488 ad
1060 457 1181 489 festum
1204 456 1314 489 Sancti
1330 457 1527 489 MICHAELIS
1543 459 1651 490 decem

175 527 321 559 denarios
340 527 381 558 ad
405 526 610 558 nativitatem
634 526 769 558 Domini
792 527 901 558 decem
924 526 1072 558 denarios
1098 527 1140 558 ad
1163 526 1287 559 Pascha
1310 527 1419 559 decem
1442 527 1588 559 denarios
1611 528 1651 559 ad

173 595 377 628 nativitatem
404 595 514 628 Sancti
547 594 722 627 JOHANNIS
752 596 862 627 decem
892 607 950 638 pro
980 595 1069 628 omni
1099 595 1230 628 servicio
1261 598 1293 627 et
1323 595 1457 627 seculari
1487 596 1651 628 exactione

172 667 205 698 et
234 665 394 697 demanda
425 665 512 697 salvo
543 664 678 696 servicio
704 664 827 696 domini
852 663 954 707 Regis
977 665 1019 696 ad
1042 666 1167 696 tantam
1194 666 1312 696 terram
1338 664 1530 707 pertinente.
1577 665 1650 708 Ego

173 745 247 766 vero
280 734 441 766 Roemms
469 736 501 766 et
529 733 662 766 heredes
689 734 752 765 mei
784 733 903 766 dictam
934 736 1053 766 terram
1092 744 1164 765 cum
1203 733 1296 765 dietis
1326 733 1496 765 hameletis
1521 737 1551 765 et
1583 736 1651 766 toto

173 803 259 835 dieto
284 803 444 844 pendente
470 804 502 834 et
529 813 602 834 cum
629 802 715 834 dicta
741 814 841 844 grava
865 813 938 834 cum
964 802 1111 834 omnibus
1136 802 1339 844 pertinentiis
1361 802 1445 834 dicto
1468 802 1598 834 OWENO
1619 805 1650 835 et

172 871 288 914 quibus
313 871 475 914 assignare
498 871 637 903 voluerit
664 875 695 903 et
723 872 960 914 assignatorum
987 871 1159 914 assignatis
1181 874 1292 904 contra
1313 883 1423 903 omnes
1450 871 1595 903 homines
1618 874 1650 903 et

171 951 281 973 omnes
316 941 455 973 feminas
493 940 721 983 inperpetuum
760 940 1047 973 warentizabimus.
1094 940 1139 972 Et
1174 943 1211 972 ut
1249 941 1306 972 hec
1344 952 1416 972 mea
1454 940 1584 972 donatio
1618 943 1650 972 et

171 1010 328 1042 concessio
365 1010 593 1052 inperpetuum
631 1010 725 1041 firma
759 1010 911 1042 consistat
944 1021 1015 1041 eam
1049 1009 1190 1052 presenti
1224 1009 1341 1051 scripto
1380 1011 1412 1041 et
1449 1009 1549 1052 sigilli
1586 1009 1650 1041 inei

170 1079 354 1111 testimonio
381 1078 577 1111 confirmavi.
634 1078 712 1111 Hiis
737 1079 872 1111 testibus
899 1105 904 1110 .
934 1079 1066 1111 domino
1091 1078 1287 1112 WILLELMO
1314 1077 1428 1110 LEsmi
1464 1104 1470 1110 .
1496 1078 1650 1110 RmARoo

171 1147 395 1179 FLANDRENSI
409 1173 415 1179 .
430 1147 559 1180 domino
573 1147 768 1180 WILLELMO
779 1148 819 1179 de
831 1147 940 1179 REsm
955 1173 961 1179 .
976 1148 1055 1180 ΔΒΑ
1068 1148 1107 1180 de
1120 1146 1254 1180 SUMER1
1269 1173 1275 1179 .
1291 1147 1457 1179 RADULFO
1471 1147 1510 1178 de
1523 1146 1623 1178 OILLI
1642 1173 1647 1178 .

170 1216 323 1249 NicOLAo
360 1216 603 1249 LANDAVENSIS
641 1217 770 1249 ecclesie
808 1217 1005 1249 thesaurario
1038 1243 1044 1249 ,
1078 1216 1253 1249 GILBERTO
1292 1216 1457 1258 capellano
1490 1243 1495 1247 .
1537 1215 1649 1247 PETRO

171 1285 293 1317 Cmspo
318 1312 323 1317 .
350 1285 526 1318 WALTERO
547 1286 587 1318 de
609 1285 864 1318 LANBLETHIAN
890 1286 1003 1318 clerieo
1031 1312 1036 1317 .
1066 1285 1244 1318 WALTERO
1266 1285 1431 1327 capellano
1455 1311 1460 1316 .
1485 1287 1516 1316 et
1537 1285 1648 1316 multis

169 1354 250 1386 aliis.

212 1422 314 1455 Small
330 1424 434 1456 round
450 1424 524 1463 seal,
543 1435 641 1467 green
658 1435 740 1463 wax,
757 1436 798 1455 an
815 1423 1017 1456 ornamental
1034 1423 1235 1456 fleur-de-lis.
1284 1423 1469 1466 Imperfect.

682 1496 689 1509 ‘
705 1498 737 1530 4-
759 1493 880 1525 SIGILL⁷
899 1504 961 1525 not}
982 1518 1119 1525 ......
1125 1492 1132 1505 ⁷

825 1738 980 1770 DOLIV.

165 1820 302 1860 JOHN,
341 1820 430 1853 SON
470 1820 529 1853 OF
571 1820 735 1853 RALPH
777 1820 841 1853 DE
885 1819 1248 1859 LANDEBITHER,
1290 1818 1476 1851 GRANTS
1509 1818 1640 1850 LAND

273 1889 328 1922 IN
366 1889 464 1922 THE
503 1889 596 1921 FEE
636 1890 695 1921 oF
733 1888 1088 1921 LANDEBITHER
1127 1888 1189 1920 ΟΒ
1228 1886 1637 1925 ΒΑΝΒΕΒΕΤΗΕΒῩ,

271 1958 329 1990 ΤΟ
360 1958 579 1991 WILLIAM
612 1958 675 1990 LE
714 1958 827 1990 FRIE
859 1957 960 1989 AND
1000 1956 1214 1997 HAVISIA,
1247 1956 1329 1989 HIS
1361 1956 1498 1988 WIFE.

659 2039 764 2082 [Anu.
791 2039 966 2077 CHARTER,
992 2038 1140 2081 24‚267.]
1512 2037 1589 2069 SD.

205 2122 315 2154 Sciant
326 2124 488 2164 presentes
498 2123 530 2153 et
540 2121 644 2153 futuri
655 2122 740 2163 quod
751 2132 810 2163 ego
823 2120 845 2152 J
848 2131 1006 2152 OHANNES
1019 2120 1105 2152 filius
1117 2119 1305 2152 Rinuipm
1318 2121 1356 2151 de
1370 2117 1634 2151 LANDEmTHER‘

159 2190 234 2222 dedi
260 2190 397 2222 concessi
429 2194 460 2222 et
491 2190 550 2221 hac
581 2189 722 2231 presenti
753 2192 840 2221 carta
871 2200 943 2220 mea
975 2189 1161 2220 confirmavi
1193 2187 1388 2220 Winnnmio
1420 2188 1449 2219 le
1482 2187 1569 2218 Fau:
1602 2190 1632 2218 et

159 2259 312 2291 HAvxsm
336 2258 428 2290 uxori
452 2258 524 2300 ejus
547 2261 579 2290 et
601 2269 711 2289 eorum
736 2257 906 2289 heredibus
934 2260 1072 2298 quatuor
1099 2268 1187 2288 aeras
1210 2259 1293 2289 terre
1321 2256 1450 2288 arabilis
1475 2267 1547 2287 cum
1570 2255 1635 2287 suis
