1998 2724
307 153 372 184 486

827 461 1181 494 CCCOLXXXVIII.

316 543 685 586 CONFIRMATION
716 543 781 576 BY
812 543 1016 577 MORGAN
1047 544 1111 577 AB
1143 543 1488 578 GADWATHLAN
1518 545 1578 578 OF
1608 544 1690 577 HIS

520 612 755 645 FATHER’S
788 613 951 645 GRANT
982 613 1040 646 TO
1072 613 1282 647 MARGAM
1311 614 1485 646 ABBEY.

802 695 876 738 [MA
884 706 978 727 RGAM
1003 695 1193 737 CHARTER]

306 777 466 810 Omnibus
500 777 532 809 S.
565 789 592 809 e.
610 777 633 809 f.
666 788 696 819 p.
730 781 762 810 et
797 777 820 809 f.
853 777 910 819 qui
940 777 1023 810 hane
1054 781 1175 810 cartam
1206 779 1404 821 inspexerint
1435 778 1630 810 MORGANUS
1660 778 1746 810 filius

261 846 515 879 KADWATHLAN
532 847 678 878 salutem.

305 916 442 948 Noverit
454 915 684 959 universffitas]
700 918 805 947 vestra
817 927 868 948 me
885 917 1071 948 concessisse
1086 919 1118 948 et
1134 916 1193 948 hae
1209 918 1296 948 carta
1311 928 1383 948 mea
1399 917 1601 949 confirmasse
1617 927 1746 948 omnem

262 986 469 1018 donationem
485 997 584 1028 quam
600 986 678 1017 fecit
697 985 942 1017 OADWATHLAN
959 987 1050 1028 pater
1065 997 1156 1017 meus
1171 986 1282 1017 domui
1297 986 1337 1017 de
1353 986 1508 1017 MARGAN
1529 989 1561 1017 et
1581 985 1746 1017 monachis

260 1056 280 1087 i.
300 1055 342 1087 D.
360 1067 383 1087 s.
401 1056 441 1087 de
458 1055 633 1087 donatione
648 1057 809 1087 terrarum
826 1066 923 1097 quam
940 1055 1015 1087 fecit
1032 1055 1151 1088 eisdem
1167 1055 1332 1088 monachis
1348 1058 1378 1088 et
1396 1056 1436 1088 de
1457 1056 1597 1098 pasturis
1619 1058 1651 1087 et
1675 1055 1747 1087 aliis

261 1125 458 1157 aisiamentis
473 1125 507 1156 in
524 1127 609 1157 terra
626 1136 683 1156 sua
702 1124 859 1156 habendis
877 1151 882 1156 .
901 1136 957 1167 per
979 1125 1087 1157 omnia
1109 1125 1192 1157 sieut
1214 1126 1307 1157 kasta
1330 1126 1430 1168 ipsius
1453 1127 1600 1157 testatur.
1647 1124 1746 1156 Hane

263 1194 470 1226 donationem
483 1206 542 1237 ego
559 1195 700 1226 concessi
715 1194 867 1237 predictis
882 1195 1047 1227 monachis
1061 1195 1188 1237 plenius
1203 1195 1335 1227 consilio
1351 1198 1383 1227 et
1399 1206 1555 1227 consensu
1571 1195 1747 1227 amicorum

261 1274 405 1295 meorum
424 1290 430 1295 .
448 1266 486 1295 ut
501 1264 562 1306 ipsi
581 1275 651 1295 eam
668 1263 809 1296 habeant
825 1266 857 1296 et
872 1264 1056 1306 possideant
1071 1265 1105 1296 in
1122 1276 1236 1307 puram
1253 1267 1285 1296 et
1301 1268 1491 1307 perpetuam
1512 1264 1721 1297 elemosinam
1738 1289 1745 1295 .

262 1333 395 1365 liberam
412 1336 444 1365 et
460 1333 604 1376 quietam
622 1359 627 1365 .
647 1333 688 1366 ab
705 1334 793 1365 omni
814 1334 948 1365 seculari
972 1334 1100 1365 servitio
1123 1336 1155 1365 et
1179 1335 1355 1366 exactione.
1403 1334 1448 1366 Et
1471 1335 1638 1367 sciendum
1661 1334 1748 1376 quod

261 1414 322 1445 ego
339 1403 476 1434 concessi
492 1403 645 1445 predictis
662 1403 828 1435 monae-his
849 1403 976 1445 plenius
998 1403 1106 1435 omnia
1128 1415 1245 1445 pascua
1268 1415 1325 1445 per
1348 1406 1451 1435 totam
1474 1406 1591 1435 terram
1617 1414 1721 1435 meam
1739 1428 1745 1434 .

262 1483 360 1513 quam
381 1483 438 1514 pro
460 1474 551 1514 patre
576 1483 646 1504 meo
671 1472 851 1504 hereditare
875 1471 974 1504 debeo
992 1497 998 1503 .
1016 1472 1051 1504 in
1074 1472 1167 1504 bosco
1191 1475 1223 1504 et
1247 1473 1367 1515 plano.
1386 1476 1419 1505 et
1441 1473 1476 1504 in
1500 1472 1649 1505 omnibus
1672 1472 1749 1505 locis

263 1541 404 1583 exceptis
426 1542 519 1573 terris
545 1541 640 1573 cultis
667 1544 698 1573 et
725 1542 834 1584 pratis.
882 1541 927 1573 Et
955 1541 1038 1574 hanc
1064 1541 1165 1584 ipsam
1194 1541 1402 1574 donationem
1431 1553 1491 1585 ego
1518 1541 1626 1584 juravi
1653 1553 1748 1584 super

262 1614 388 1643 sanctas
415 1611 568 1652 reliquias
600 1611 686 1653 quod
712 1610 927 1643 warantizabo
951 1611 995 1643 eis
1018 1613 1128 1643 contra
1151 1622 1178 1643 o.
1196 1611 1228 1643 h.
1246 1612 1280 1643 in
1305 1614 1499 1653 perpetuum
1522 1614 1554 1643 et
1579 1612 1665 1653 quod
1688 1622 1748 1654 ego

264 1682 432 1722 protegam
452 1691 504 1712 eos
523 1684 554 1711 et
577 1680 696 1712 catalla
719 1692 829 1712 eorum
847 1707 853 1712 .
872 1683 904 1712 et
927 1680 1105 1712 custodiam
1128 1691 1185 1722 pro
1211 1692 1300 1722 posse
1324 1692 1394 1712 meo
1422 1681 1457 1712 in
1485 1679 1634 1712 omnibus
1662 1680 1747 1712 loeis.

267 1748 345 1781 Hiis
367 1749 502 1781 testibus
520 1775 526 1780 .
546 1749 665 1781 (mom
685 1750 724 1781 de
741 1749 840 1781 Novo
857 1749 979 1781 Btznco
996 1775 1002 1781 .
1021 1749 1163 1781 MEURIC
1178 1750 1245 1781 filio
1262 1749 1398 1781 RooEm
1413 1749 1533 1782 ,VREN
1546 1750 1612 1782 filio
1622 1749 1729 1782 WE1R
1743 1775 1748 1781 .

269 1817 354 1849 Ivon
371 1817 505 1849 KmmT
521 1821 553 1849 et
573 1818 685 1850 multis
701 1819 781 1850 aliis.

310 1887 514 1919 ΕηῖίῖΙθᾶ-ι
527 1888 737 1920 Confirmatio
769 1888 922 1931 Morgani
953 1888 994 1920 ab
1025 1888 1238 1920 Cadwathlan
1272 1888 1312 1919 de
1348 1887 1598 1930 Kevemnhhaj.'
1660 1887 1750 1926 Also,

268 1959 276 1973 ‘
289 1956 386 1989 Carta
401 1957 556 2000 Morgani
576 1958 634 1990 filii
657 1957 870 1990 Oadwuthlan
886 1959 926 1990 de
942 1957 1170 1990 donationibus
1185 1957 1286 1999 patris
1309 1957 1359 1989 sui
1381 1957 1415 1988 in
1439 1956 1533 1988 terris
1556 1956 1694 1998 pasturis
1720 1958 1754 1988 et,

269 2026 466 2059 aisiamentis
482 2027 516 2058 in
532 2030 618 2059 terra
634 2038 692 2060 sua
713 2027 891 2060 habendis'
937 2027 1028 2066 Also,
1046 2026 1218 2070 ‘Morgani
1242 2026 1301 2058 filii
1324 2026 1545 2059 Kadwathlan
1569 2025 1663 2058 debet
1687 2037 1754 2058 esse

269 2107 342 2128 eum
359 2095 617 2138 Kovemahhay.'
