<?xml version="1.0" encoding="UTF-8"?>
<!DOCTYPE html PUBLIC "-//W3C//DTD XHTML 1.0 Transitional//EN"
    "http://www.w3.org/TR/xhtml1/DTD/xhtml1-transitional.dtd">
<html xmlns="http://www.w3.org/1999/xhtml" xml:lang="en" lang="en">
 <head>
  <title>
</title>
<meta http-equiv="Content-Type" content="text/html;charset=utf-8" />
  <meta name='ocr-system' content='tesseract 3.04.00' />
  <meta name='ocr-capabilities' content='ocr_page ocr_carea ocr_par ocr_line ocrx_word'/>
</head>
<body>
  <div class='ocr_page' id='page_1' title='image "./cartaeetaliamuni02claruoft_0046.png"; bbox 0 0 1998 2724; ppageno 0'>
   <div class='ocr_carea' id='block_1_1' title="bbox 316 178 380 210">
    <p class='ocr_par' dir='ltr' id='par_1_1' title="bbox 316 178 380 210">
     <span class='ocr_line' id='line_1_1' title="bbox 316 178 380 210; baseline 0 0"><span class='ocrx_word' id='word_1_1' title='bbox 316 178 380 210; x_wconf 83' lang='lat'>262</span> 
     </span>
    </p>
   </div>
   <div class='ocr_carea' id='block_1_2' title="bbox 924 332 1110 366">
    <p class='ocr_par' dir='ltr' id='par_1_2' title="bbox 924 332 1110 366">
     <span class='ocr_line' id='line_1_2' title="bbox 924 332 1110 366; baseline -0.005 -1"><span class='ocrx_word' id='word_1_2' title='bbox 924 332 1110 366; x_wconf 88' lang='lat' dir='ltr'>COLXIV.</span> 
     </span>
    </p>
   </div>
   <div class='ocr_carea' id='block_1_3' title="bbox 274 414 1756 638">
    <p class='ocr_par' dir='ltr' id='par_1_3' title="bbox 274 414 1756 638">
     <span class='ocr_line' id='line_1_3' title="bbox 274 414 1755 454; baseline -0.003 -3"><span class='ocrx_word' id='word_1_3' title='bbox 274 417 584 451; x_wconf 76' lang='lat' dir='ltr'><strong>ABJURATION</strong></span> <span class='ocrx_word' id='word_1_4' title='bbox 624 416 689 448; x_wconf 87' lang='lat' dir='ltr'>BY</span> <span class='ocrx_word' id='word_1_5' title='bbox 730 415 950 448; x_wconf 81' lang='lat' dir='ltr'>RIOHARD</span> <span class='ocrx_word' id='word_1_6' title='bbox 989 414 1090 447; x_wconf 89' lang='lat' dir='ltr'>AND</span> <span class='ocrx_word' id='word_1_7' title='bbox 1140 414 1310 454; x_wconf 74' lang='lat' dir='ltr'><strong>ROGER,</strong></span> <span class='ocrx_word' id='word_1_8' title='bbox 1351 414 1464 447; x_wconf 78' lang='lat' dir='ltr'>SONS</span> <span class='ocrx_word' id='word_1_9' title='bbox 1511 414 1570 447; x_wconf 88' lang='lat' dir='ltr'>OF</span> <span class='ocrx_word' id='word_1_10' title='bbox 1616 414 1755 452; x_wconf 88' lang='lat' dir='ltr'><strong>JOHN,</strong></span> 
     </span>
     <span class='ocr_line' id='line_1_4' title="bbox 385 476 1756 516; baseline -0.003 -3"><span class='ocrx_word' id='word_1_11' title='bbox 385 479 635 513; x_wconf 86' lang='lat' dir='ltr'>CHAPLAIN</span> <span class='ocrx_word' id='word_1_12' title='bbox 667 479 726 511; x_wconf 93' lang='lat' dir='ltr'>OF</span> <span class='ocrx_word' id='word_1_13' title='bbox 759 477 1014 516; x_wconf 73' lang='lat' dir='ltr'>BONVILLE,</span> <span class='ocrx_word' id='word_1_14' title='bbox 1043 477 1100 509; x_wconf 85' lang='lat' dir='ltr'>To</span> <span class='ocrx_word' id='word_1_15' title='bbox 1134 477 1345 510; x_wconf 83' lang='lat' dir='ltr'>MARGAM</span> <span class='ocrx_word' id='word_1_16' title='bbox 1371 477 1544 516; x_wconf 87' lang='lat' dir='ltr'><strong>ABBEY,</strong></span> <span class='ocrx_word' id='word_1_17' title='bbox 1571 477 1630 509; x_wconf 84' lang='lat' dir='ltr'>OF</span> <span class='ocrx_word' id='word_1_18' title='bbox 1657 476 1756 510; x_wconf 78' lang='lat' dir='ltr'>THE</span> 
     </span>
     <span class='ocr_line' id='line_1_5' title="bbox 383 539 1756 575; baseline -0.002 0"><span class='ocrx_word' id='word_1_19' title='bbox 383 543 517 575; x_wconf 88' lang='lat' dir='ltr'><strong>LAND</strong></span> <span class='ocrx_word' id='word_1_20' title='bbox 547 541 682 574; x_wconf 87' lang='lat' dir='ltr'><strong>HELD</strong></span> <span class='ocrx_word' id='word_1_21' title='bbox 709 541 776 573; x_wconf 83' lang='grc' dir='ltr'>ΒΥ</span> <span class='ocrx_word' id='word_1_22' title='bbox 804 540 958 573; x_wconf 80' lang='lat' dir='ltr'>THEIR</span> <span class='ocrx_word' id='word_1_23' title='bbox 986 539 1184 572; x_wconf 83' lang='lat' dir='ltr'><strong>FATHER</strong></span> <span class='ocrx_word' id='word_1_24' title='bbox 1208 540 1267 572; x_wconf 88' lang='lat' dir='ltr'>OF</span> <span class='ocrx_word' id='word_1_25' title='bbox 1295 539 1394 572; x_wconf 79' lang='lat' dir='ltr'>THE</span> <span class='ocrx_word' id='word_1_26' title='bbox 1422 539 1674 572; x_wconf 79' lang='lat' dir='ltr'><strong>TEMPLARS</strong></span> <span class='ocrx_word' id='word_1_27' title='bbox 1701 539 1756 572; x_wconf 93' lang='lat' dir='ltr'>IN</span> 
     </span>
     <span class='ocr_line' id='line_1_6' title="bbox 385 603 762 638; baseline -0.005 0"><span class='ocrx_word' id='word_1_28' title='bbox 385 603 762 638; x_wconf 80' lang='lat' dir='ltr'>BONVILESTONE.</span> 
     </span>
    </p>
   </div>
   <div class='ocr_carea' id='block_1_4' title="bbox 820 646 1214 690">
    <p class='ocr_par' dir='ltr' id='par_1_4' title="bbox 820 646 1214 690">
     <span class='ocr_line' id='line_1_7' title="bbox 820 646 1214 690; baseline 0 -12"><span class='ocrx_word' id='word_1_29' title='bbox 820 647 995 690; x_wconf 74' lang='lat' dir='ltr'>[MARGAM</span> <span class='ocrx_word' id='word_1_30' title='bbox 1021 646 1214 689; x_wconf 65' lang='lat' dir='ltr'>CHARTER]</span> 
     </span>
    </p>
   </div>
   <div class='ocr_carea' id='block_1_5' title="bbox 272 721 1764 1669">
    <p class='ocr_par' dir='ltr' id='par_1_5' title="bbox 275 721 1757 828">
     <span class='ocr_line' id='line_1_8' title="bbox 318 721 1757 765; baseline -0.003 -7"><span class='ocrx_word' id='word_1_31' title='bbox 318 726 488 758; x_wconf 88' lang='lat' dir='ltr'>Universis</span> <span class='ocrx_word' id='word_1_32' title='bbox 504 725 623 756; x_wconf 78' lang='lat' dir='ltr'>Christi</span> <span class='ocrx_word' id='word_1_33' title='bbox 641 723 789 756; x_wconf 78' lang='lat' dir='ltr'>fidelibus</span> <span class='ocrx_word' id='word_1_34' title='bbox 805 734 933 765; x_wconf 77' lang='lat' dir='ltr'>presens</span> <span class='ocrx_word' id='word_1_35' title='bbox 949 723 1102 764; x_wconf 83' lang='lat' dir='ltr'>scriptum</span> <span class='ocrx_word' id='word_1_36' title='bbox 1119 734 1149 754; x_wconf 65' lang='lat' dir='ltr'>v.</span> <span class='ocrx_word' id='word_1_37' title='bbox 1169 722 1219 754; x_wconf 88' lang='lat' dir='ltr'>vel</span> <span class='ocrx_word' id='word_1_38' title='bbox 1236 734 1262 754; x_wconf 79' lang='lat' dir='ltr'>a.</span> <span class='ocrx_word' id='word_1_39' title='bbox 1283 722 1458 754; x_wconf 60' lang='lat' dir='ltr'>ihu-umus</span> <span class='ocrx_word' id='word_1_40' title='bbox 1477 727 1508 753; x_wconf 89' lang='lat' dir='ltr'>et</span> <span class='ocrx_word' id='word_1_41' title='bbox 1531 721 1694 753; x_wconf 63' lang='lat' dir='ltr'>Boo-aurs</span> <span class='ocrx_word' id='word_1_42' title='bbox 1717 722 1757 754; x_wconf 86' lang='lat' dir='ltr'>de</span> 
     </span>
     <span class='ocr_line' id='line_1_9' title="bbox 275 791 1331 828; baseline -0.005 0"><span class='ocrx_word' id='word_1_43' title='bbox 275 796 477 828; x_wconf 56' lang='lat' dir='ltr'>Romnum</span> <span class='ocrx_word' id='word_1_44' title='bbox 494 794 552 826; x_wconf 78' lang='lat' dir='ltr'>filij</span> <span class='ocrx_word' id='word_1_45' title='bbox 570 793 591 825; x_wconf 88' lang='lat' dir='ltr'><strong>J</strong></span> <span class='ocrx_word' id='word_1_46' title='bbox 594 804 745 825; x_wconf 72' lang='lat' dir='ltr'>OHANNIS</span> <span class='ocrx_word' id='word_1_47' title='bbox 763 792 960 824; x_wconf 69' lang='lat' dir='ltr'>OAPELLANI</span> <span class='ocrx_word' id='word_1_48' title='bbox 978 793 1114 824; x_wconf 84' lang='lat' dir='ltr'>salutem</span> <span class='ocrx_word' id='word_1_49' title='bbox 1130 792 1164 823; x_wconf 91' lang='lat' dir='ltr'>in</span> <span class='ocrx_word' id='word_1_50' title='bbox 1181 791 1331 824; x_wconf 86' lang='lat' dir='ltr'>Domino.</span> 
     </span>
    </p>

    <p class='ocr_par' dir='ltr' id='par_1_6' title="bbox 272 860 1764 1669">
     <span class='ocr_line' id='line_1_10' title="bbox 318 860 1758 904; baseline -0.003 -7"><span class='ocrx_word' id='word_1_51' title='bbox 318 864 455 897; x_wconf 76' lang='lat' dir='ltr'>Noverit</span> <span class='ocrx_word' id='word_1_52' title='bbox 473 863 665 895; x_wconf 79' lang='lat' dir='ltr'><strong>universitas</strong></span> <span class='ocrx_word' id='word_1_53' title='bbox 681 864 787 894; x_wconf 84' lang='lat' dir='ltr'>vestra</span> <span class='ocrx_word' id='word_1_54' title='bbox 802 874 860 894; x_wconf 87' lang='lat' dir='ltr'>nos</span> <span class='ocrx_word' id='word_1_55' title='bbox 877 864 1053 904; x_wconf 74' lang='lat' dir='ltr'>spontanea</span> <span class='ocrx_word' id='word_1_56' title='bbox 1069 861 1236 894; x_wconf 82' lang='lat' dir='ltr'>voluntate</span> <span class='ocrx_word' id='word_1_57' title='bbox 1251 863 1360 893; x_wconf 84' lang='lat' dir='ltr'>nostra</span> <span class='ocrx_word' id='word_1_58' title='bbox 1379 864 1409 892; x_wconf 84' lang='lat' dir='ltr'>et</span> <span class='ocrx_word' id='word_1_59' title='bbox 1431 860 1562 892; x_wconf 85' lang='lat' dir='ltr'>consih&#39;o</span> <span class='ocrx_word' id='word_1_60' title='bbox 1583 860 1758 893; x_wconf 76' lang='lat' dir='ltr'>amicorum</span> 
     </span>
     <span class='ocr_line' id='line_1_11' title="bbox 273 929 1758 973; baseline -0.004 -7"><span class='ocrx_word' id='word_1_61' title='bbox 273 938 455 967; x_wconf 84' lang='lat' dir='ltr'>nostrorum</span> <span class='ocrx_word' id='word_1_62' title='bbox 500 932 687 964; x_wconf 76' lang='lat' dir='ltr'>concessisse</span> <span class='ocrx_word' id='word_1_63' title='bbox 726 934 756 963; x_wconf 86' lang='lat' dir='ltr'>et</span> <span class='ocrx_word' id='word_1_64' title='bbox 796 931 923 973; x_wconf 81' lang='lat' dir='ltr'>quitum</span> <span class='ocrx_word' id='word_1_65' title='bbox 961 930 1112 962; x_wconf 80' lang='lat' dir='ltr'>clamasse</span> <span class='ocrx_word' id='word_1_66' title='bbox 1150 932 1182 962; x_wconf 84' lang='lat' dir='ltr'>et</span> <span class='ocrx_word' id='word_1_67' title='bbox 1221 929 1384 971; x_wconf 83' lang='lat' dir='ltr'>abjurasse</span> <span class='ocrx_word' id='word_1_68' title='bbox 1422 932 1454 960; x_wconf 92' lang='lat' dir='ltr'>et</span> <span class='ocrx_word' id='word_1_69' title='bbox 1492 929 1632 971; x_wconf 78' lang='lat' dir='ltr'><strong>presenti</strong></span> <span class='ocrx_word' id='word_1_70' title='bbox 1671 932 1758 961; x_wconf 81' lang='lat' dir='ltr'>carta</span> 
     </span>
     <span class='ocr_line' id='line_1_12' title="bbox 275 998 1759 1040; baseline -0.005 -4"><span class='ocrx_word' id='word_1_71' title='bbox 275 1004 476 1036; x_wconf 73' lang='lat' dir='ltr'>confirmasse</span> <span class='ocrx_word' id='word_1_72' title='bbox 497 1002 539 1034; x_wconf 92' lang='lat' dir='ltr'>D.</span> <span class='ocrx_word' id='word_1_73' title='bbox 559 1005 589 1033; x_wconf 76' lang='lat' dir='ltr'>et</span> <span class='ocrx_word' id='word_1_74' title='bbox 613 1014 639 1033; x_wconf 75' lang='lat' dir='ltr'>e.</span> <span class='ocrx_word' id='word_1_75' title='bbox 657 1001 689 1034; x_wconf 80' lang='lat' dir='ltr'>S.</span> <span class='ocrx_word' id='word_1_76' title='bbox 708 1001 756 1033; x_wconf 86' lang='lat' dir='ltr'>M.</span> <span class='ocrx_word' id='word_1_77' title='bbox 776 1002 815 1032; x_wconf 79' lang='lat' dir='ltr'>de</span> <span class='ocrx_word' id='word_1_78' title='bbox 837 1000 884 1032; x_wconf 90' lang='lat' dir='ltr'>M.</span> <span class='ocrx_word' id='word_1_79' title='bbox 903 1002 935 1032; x_wconf 84' lang='lat' dir='ltr'>et</span> <span class='ocrx_word' id='word_1_80' title='bbox 957 1011 1000 1031; x_wconf 87' lang='lat' dir='ltr'>m.</span> <span class='ocrx_word' id='word_1_81' title='bbox 1018 1001 1038 1032; x_wconf 91' lang='lat' dir='ltr'>i.</span> <span class='ocrx_word' id='word_1_82' title='bbox 1057 999 1098 1031; x_wconf 94' lang='lat' dir='ltr'>D.</span> <span class='ocrx_word' id='word_1_83' title='bbox 1117 998 1330 1031; x_wconf 85' lang='lat' dir='ltr'>servient-ibus</span> <span class='ocrx_word' id='word_1_84' title='bbox 1352 1000 1457 1030; x_wconf 79' lang='lat' dir='ltr'>totum</span> <span class='ocrx_word' id='word_1_85' title='bbox 1479 998 1533 1040; x_wconf 85' lang='lat' dir='ltr'>jus</span> <span class='ocrx_word' id='word_1_86' title='bbox 1558 1000 1703 1030; x_wconf 83' lang='lat' dir='ltr'>nostrum</span> <span class='ocrx_word' id='word_1_87' title='bbox 1727 1001 1759 1030; x_wconf 86' lang='lat' dir='ltr'>et</span> 
     </span>
     <span class='ocr_line' id='line_1_13' title="bbox 275 1067 1757 1114; baseline -0.005 -9"><span class='ocrx_word' id='word_1_88' title='bbox 275 1076 380 1106; x_wconf 86' lang='lat' dir='ltr'>totum</span> <span class='ocrx_word' id='word_1_89' title='bbox 397 1072 548 1104; x_wconf 77' lang='lat' dir='ltr'>olamium</span> <span class='ocrx_word' id='word_1_90' title='bbox 566 1072 652 1114; x_wconf 84' lang='lat' dir='ltr'>quod</span> <span class='ocrx_word' id='word_1_91' title='bbox 669 1070 866 1103; x_wconf 75' lang='lat' dir='ltr'>habebamus</span> <span class='ocrx_word' id='word_1_92' title='bbox 882 1070 932 1101; x_wconf 86' lang='lat' dir='ltr'>vel</span> <span class='ocrx_word' id='word_1_93' title='bbox 949 1068 1132 1101; x_wconf 78' lang='lat' dir='ltr'>dicebamus</span> <span class='ocrx_word' id='word_1_94' title='bbox 1148 1079 1206 1099; x_wconf 86' lang='lat' dir='ltr'>nos</span> <span class='ocrx_word' id='word_1_95' title='bbox 1226 1067 1343 1099; x_wconf 79' lang='lat' dir='ltr'>habere</span> <span class='ocrx_word' id='word_1_96' title='bbox 1366 1067 1400 1098; x_wconf 87' lang='lat' dir='ltr'>in</span> <span class='ocrx_word' id='word_1_97' title='bbox 1423 1070 1508 1098; x_wconf 86' lang='lat' dir='ltr'>terra</span> <span class='ocrx_word' id='word_1_98' title='bbox 1532 1078 1629 1109; x_wconf 85' lang='lat' dir='ltr'>quam</span> <span class='ocrx_word' id='word_1_99' title='bbox 1652 1067 1757 1099; x_wconf 83' lang='lat' dir='ltr'>dictus</span> 
     </span>
     <span class='ocr_line' id='line_1_14' title="bbox 274 1135 1760 1183; baseline -0.005 -9"><span class='ocrx_word' id='word_1_100' title='bbox 274 1142 458 1175; x_wconf 75' lang='lat' dir='ltr'>JOHANNES</span> <span class='ocrx_word' id='word_1_101' title='bbox 480 1144 570 1183; x_wconf 86' lang='lat' dir='ltr'>pater</span> <span class='ocrx_word' id='word_1_102' title='bbox 595 1144 701 1172; x_wconf 84' lang='lat' dir='ltr'>noster</span> <span class='ocrx_word' id='word_1_103' title='bbox 725 1140 832 1172; x_wconf 84' lang='lat' dir='ltr'>tenuit</span> <span class='ocrx_word' id='word_1_104' title='bbox 854 1140 894 1171; x_wconf 90' lang='lat' dir='ltr'>de</span> <span class='ocrx_word' id='word_1_105' title='bbox 916 1138 1130 1171; x_wconf 69' lang='lat' dir='ltr'>TEMPLARHS</span> <span class='ocrx_word' id='word_1_106' title='bbox 1153 1138 1187 1169; x_wconf 90' lang='lat' dir='ltr'>in</span> <span class='ocrx_word' id='word_1_107' title='bbox 1212 1137 1306 1169; x_wconf 81' lang='lat' dir='ltr'>feodo</span> <span class='ocrx_word' id='word_1_108' title='bbox 1330 1137 1369 1168; x_wconf 82' lang='lat' dir='ltr'>de</span> <span class='ocrx_word' id='word_1_109' title='bbox 1393 1135 1697 1179; x_wconf 62' lang='lat' dir='ltr'>Boxnv11ffls⁷r[m]</span> <span class='ocrx_word' id='word_1_110' title='bbox 1723 1142 1760 1168; x_wconf 82' lang='lat' dir='ltr'>ut</span> 
     </span>
     <span class='ocr_line' id='line_1_15' title="bbox 272 1204 1761 1247; baseline -0.005 -4"><span class='ocrx_word' id='word_1_111' title='bbox 272 1210 412 1243; x_wconf 84' lang='lat' dir='ltr'>habeant</span> <span class='ocrx_word' id='word_1_112' title='bbox 429 1212 460 1242; x_wconf 87' lang='lat' dir='ltr'>et</span> <span class='ocrx_word' id='word_1_113' title='bbox 477 1212 609 1242; x_wconf 84' lang='lat' dir='ltr'>teneant</span> <span class='ocrx_word' id='word_1_114' title='bbox 626 1209 703 1241; x_wconf 87' lang='lat' dir='ltr'>dicti</span> <span class='ocrx_word' id='word_1_115' title='bbox 721 1208 870 1241; x_wconf 79' lang='lat' dir='ltr'>monachi</span> <span class='ocrx_word' id='word_1_116' title='bbox 886 1208 1005 1240; x_wconf 88' lang='lat' dir='ltr'>dictam</span> <span class='ocrx_word' id='word_1_117' title='bbox 1021 1212 1141 1239; x_wconf 86' lang='lat' dir='ltr'>terram</span> <span class='ocrx_word' id='word_1_118' title='bbox 1155 1206 1255 1239; x_wconf 81' lang='lat' dir='ltr'>libere</span> <span class='ocrx_word' id='word_1_119' title='bbox 1272 1206 1379 1247; x_wconf 85' lang='lat' dir='ltr'>quiete</span> <span class='ocrx_word' id='word_1_120' title='bbox 1396 1209 1426 1237; x_wconf 83' lang='lat' dir='ltr'>et</span> <span class='ocrx_word' id='word_1_121' title='bbox 1445 1205 1574 1247; x_wconf 80' lang='lat' dir='ltr'>pacifice</span> <span class='ocrx_word' id='word_1_122' title='bbox 1590 1216 1647 1247; x_wconf 84' lang='lat' dir='ltr'>pro</span> <span class='ocrx_word' id='word_1_123' title='bbox 1669 1204 1761 1237; x_wconf 90' lang='lat' dir='ltr'>nobis</span> 
     </span>
     <span class='ocr_line' id='line_1_16' title="bbox 274 1273 1761 1313; baseline -0.004 -1"><span class='ocrx_word' id='word_1_124' title='bbox 274 1283 306 1313; x_wconf 86' lang='lat' dir='ltr'>et</span> <span class='ocrx_word' id='word_1_125' title='bbox 327 1279 476 1312; x_wconf 86' lang='lat' dir='ltr'>omnibus</span> <span class='ocrx_word' id='word_1_126' title='bbox 498 1277 669 1310; x_wconf 74' lang='lat' dir='ltr'>heredibus</span> <span class='ocrx_word' id='word_1_127' title='bbox 690 1278 770 1309; x_wconf 87' lang='lat' dir='ltr'>meis</span> <span class='ocrx_word' id='word_1_128' title='bbox 791 1278 872 1309; x_wconf 85' lang='lat' dir='ltr'>sicut</span> <span class='ocrx_word' id='word_1_129' title='bbox 896 1277 962 1309; x_wconf 82' lang='lat' dir='ltr'>ussa</span> <span class='ocrx_word' id='word_1_130' title='bbox 986 1276 1159 1308; x_wconf 83' lang='lat' dir='ltr'>elemosina</span> <span class='ocrx_word' id='word_1_131' title='bbox 1182 1276 1232 1307; x_wconf 82' lang='lat' dir='ltr'>vel</span> <span class='ocrx_word' id='word_1_132' title='bbox 1257 1275 1361 1307; x_wconf 70' lang='lat' dir='ltr'>ullum</span> <span class='ocrx_word' id='word_1_133' title='bbox 1384 1276 1606 1306; x_wconf 79' lang='lat' dir='ltr'>tenementum</span> <span class='ocrx_word' id='word_1_134' title='bbox 1629 1273 1761 1306; x_wconf 86' lang='lat' dir='ltr'>liberius</span> 
     </span>
     <span class='ocr_line' id='line_1_17' title="bbox 276 1343 1763 1391; baseline -0.005 -10"><span class='ocrx_word' id='word_1_135' title='bbox 276 1352 308 1382; x_wconf 83' lang='lat' dir='ltr'>et</span> <span class='ocrx_word' id='word_1_136' title='bbox 332 1349 474 1391; x_wconf 75' lang='lat' dir='ltr'>quiecius</span> <span class='ocrx_word' id='word_1_137' title='bbox 497 1347 607 1380; x_wconf 74' lang='lat' dir='ltr'>haberi</span> <span class='ocrx_word' id='word_1_138' title='bbox 632 1347 681 1379; x_wconf 84' lang='lat' dir='ltr'>vel</span> <span class='ocrx_word' id='word_1_139' title='bbox 705 1347 808 1379; x_wconf 88' lang='lat' dir='ltr'>teneri</span> <span class='ocrx_word' id='word_1_140' title='bbox 835 1348 949 1389; x_wconf 84' lang='lat' dir='ltr'>potest.</span> <span class='ocrx_word' id='word_1_141' title='bbox 996 1345 1042 1378; x_wconf 88' lang='lat' dir='ltr'>Et</span> <span class='ocrx_word' id='word_1_142' title='bbox 1073 1345 1237 1377; x_wconf 85' lang='lat' dir='ltr'>sciendum</span> <span class='ocrx_word' id='word_1_143' title='bbox 1268 1345 1354 1386; x_wconf 89' lang='lat' dir='ltr'>quod</span> <span class='ocrx_word' id='word_1_144' title='bbox 1381 1343 1583 1375; x_wconf 82' lang='lat' dir='ltr'>affidavimus</span> <span class='ocrx_word' id='word_1_145' title='bbox 1609 1346 1641 1374; x_wconf 88' lang='lat' dir='ltr'>et</span> <span class='ocrx_word' id='word_1_146' title='bbox 1668 1354 1763 1385; x_wconf 84' lang='lat' dir='ltr'>super</span> 
     </span>
     <span class='ocr_line' id='line_1_18' title="bbox 280 1411 1764 1458; baseline -0.005 -8"><span class='ocrx_word' id='word_1_147' title='bbox 280 1423 477 1450; x_wconf 78' lang='lat' dir='ltr'>sacrosancta</span> <span class='ocrx_word' id='word_1_148' title='bbox 501 1417 628 1449; x_wconf 73' lang='lat' dir='ltr'>ecclesie</span> <span class='ocrx_word' id='word_1_149' title='bbox 653 1417 693 1448; x_wconf 82' lang='lat' dir='ltr'>de</span> <span class='ocrx_word' id='word_1_150' title='bbox 717 1416 875 1448; x_wconf 76' lang='lat' dir='ltr'>MARGAM</span> <span class='ocrx_word' id='word_1_151' title='bbox 900 1415 1079 1458; x_wconf 74' lang='lat' dir='ltr'>juravimus</span> <span class='ocrx_word' id='word_1_152' title='bbox 1104 1414 1189 1456; x_wconf 86' lang='lat' dir='ltr'>quod</span> <span class='ocrx_word' id='word_1_153' title='bbox 1214 1413 1305 1445; x_wconf 82' lang='lat' dir='ltr'>illam</span> <span class='ocrx_word' id='word_1_154' title='bbox 1328 1413 1559 1445; x_wconf 83' lang='lat' dir='ltr'>concessionem</span> <span class='ocrx_word' id='word_1_155' title='bbox 1583 1416 1615 1444; x_wconf 85' lang='lat' dir='ltr'>et</span> <span class='ocrx_word' id='word_1_156' title='bbox 1639 1411 1764 1453; x_wconf 84' lang='lat' dir='ltr'>quitam</span> 
     </span>
     <span class='ocr_line' id='line_1_19' title="bbox 281 1482 1764 1526; baseline -0.005 -6"><span class='ocrx_word' id='word_1_157' title='bbox 281 1487 505 1520; x_wconf 74' lang='lat' dir='ltr'>clamationem</span> <span class='ocrx_word' id='word_1_158' title='bbox 522 1486 661 1518; x_wconf 76' lang='lat' dir='ltr'>fideliter</span> <span class='ocrx_word' id='word_1_159' title='bbox 678 1488 709 1517; x_wconf 90' lang='lat' dir='ltr'>et</span> <span class='ocrx_word' id='word_1_160' title='bbox 730 1486 797 1517; x_wconf 89' lang='lat' dir='ltr'>sine</span> <span class='ocrx_word' id='word_1_161' title='bbox 820 1485 894 1517; x_wconf 83' lang='lat' dir='ltr'>dolo</span> <span class='ocrx_word' id='word_1_162' title='bbox 918 1488 949 1516; x_wconf 86' lang='lat' dir='ltr'>et</span> <span class='ocrx_word' id='word_1_163' title='bbox 973 1485 1058 1516; x_wconf 81' lang='lat' dir='ltr'>malo</span> <span class='ocrx_word' id='word_1_164' title='bbox 1083 1484 1214 1526; x_wconf 89' lang='lat' dir='ltr'>ingenio</span> <span class='ocrx_word' id='word_1_165' title='bbox 1239 1482 1436 1514; x_wconf 83' lang='lat' dir='ltr'>servabimus</span> <span class='ocrx_word' id='word_1_166' title='bbox 1460 1484 1492 1513; x_wconf 81' lang='lat' dir='ltr'>et</span> <span class='ocrx_word' id='word_1_167' title='bbox 1517 1483 1628 1513; x_wconf 84' lang='lat' dir='ltr'>eontra</span> <span class='ocrx_word' id='word_1_168' title='bbox 1654 1492 1764 1512; x_wconf 81' lang='lat' dir='ltr'>omnes</span> 
     </span>
     <span class='ocr_line' id='line_1_20' title="bbox 280 1549 1763 1596; baseline -0.006 -7"><span class='ocrx_word' id='word_1_169' title='bbox 280 1557 425 1589; x_wconf 86' lang='lat' dir='ltr'>homines</span> <span class='ocrx_word' id='word_1_170' title='bbox 442 1554 732 1587; x_wconf 77' lang='lat' dir='ltr'>warantizabimus.</span> <span class='ocrx_word' id='word_1_171' title='bbox 780 1554 825 1586; x_wconf 82' lang='lat' dir='ltr'>Et</span> <span class='ocrx_word' id='word_1_172' title='bbox 843 1556 879 1585; x_wconf 86' lang='lat' dir='ltr'>ut</span> <span class='ocrx_word' id='word_1_173' title='bbox 896 1553 1048 1596; x_wconf 83' lang='lat' dir='ltr'>premissa</span> <span class='ocrx_word' id='word_1_174' title='bbox 1066 1552 1228 1585; x_wconf 85' lang='lat' dir='ltr'>firmitatis</span> <span class='ocrx_word' id='word_1_175' title='bbox 1243 1551 1342 1583; x_wconf 84' lang='lat' dir='ltr'>robm·</span> <span class='ocrx_word' id='word_1_176' title='bbox 1357 1550 1524 1583; x_wconf 81' lang='lat' dir='ltr'>obtineant</span> <span class='ocrx_word' id='word_1_177' title='bbox 1546 1549 1621 1581; x_wconf 86' lang='lat' dir='ltr'>huic</span> <span class='ocrx_word' id='word_1_178' title='bbox 1645 1550 1763 1592; x_wconf 81' lang='lat' dir='ltr'>scripto</span> 
     </span>
     <span class='ocr_line' id='line_1_21' title="bbox 283 1622 1033 1669; baseline -0.005 -11"><span class='ocrx_word' id='word_1_179' title='bbox 283 1626 390 1669; x_wconf 76' lang='lat' dir='ltr'>sigilla</span> <span class='ocrx_word' id='word_1_180' title='bbox 406 1628 514 1656; x_wconf 81' lang='lat' dir='ltr'>nostra</span> <span class='ocrx_word' id='word_1_181' title='bbox 531 1624 746 1666; x_wconf 79' lang='lat' dir='ltr'>apposuimus.</span> <span class='ocrx_word' id='word_1_182' title='bbox 796 1623 873 1655; x_wconf 86' lang='lat' dir='ltr'>Hiis</span> <span class='ocrx_word' id='word_1_183' title='bbox 889 1622 1033 1654; x_wconf 86' lang='lat' dir='ltr'>testibus.</span> 
     </span>
    </p>
   </div>
   <div class='ocr_carea' id='block_1_6' title="bbox 281 1687 1765 1784">
    <p class='ocr_par' dir='ltr' id='par_1_7' title="bbox 281 1687 1765 1784">
     <span class='ocr_line' id='line_1_22' title="bbox 327 1687 1765 1736; baseline -0.006 -10"><span class='ocrx_word' id='word_1_184' title='bbox 327 1693 720 1736; x_wconf 62' lang='lat' dir='ltr'>Entitled—‘Abjuratio</span> <span class='ocrx_word' id='word_1_185' title='bbox 756 1693 893 1724; x_wconf 83' lang='lat' dir='ltr'>duorum</span> <span class='ocrx_word' id='word_1_186' title='bbox 934 1692 1071 1723; x_wconf 81' lang='lat' dir='ltr'>filiorum</span> <span class='ocrx_word' id='word_1_187' title='bbox 1111 1690 1133 1723; x_wconf 86' lang='lat' dir='ltr'><strong>J</strong></span> <span class='ocrx_word' id='word_1_188' title='bbox 1136 1690 1271 1722; x_wconf 86' lang='lat' dir='ltr'>ohannis</span> <span class='ocrx_word' id='word_1_189' title='bbox 1311 1688 1478 1731; x_wconf 78' lang='lat' dir='ltr'>Capellani</span> <span class='ocrx_word' id='word_1_190' title='bbox 1517 1688 1551 1720; x_wconf 88' lang='lat' dir='ltr'>in</span> <span class='ocrx_word' id='word_1_191' title='bbox 1590 1687 1687 1719; x_wconf 80' lang='lat' dir='ltr'>feudo</span> <span class='ocrx_word' id='word_1_192' title='bbox 1725 1688 1765 1719; x_wconf 87' lang='lat' dir='ltr'>de</span> 
     </span>
     <span class='ocr_line' id='line_1_23' title="bbox 281 1750 476 1784; baseline -0.015 0"><span class='ocrx_word' id='word_1_193' title='bbox 281 1750 476 1784; x_wconf 83' lang='lat' dir='ltr'>Bonavilla.&#39;</span> 
     </span>
    </p>
   </div>
   <div class='ocr_carea' id='block_1_7' title="bbox 523 1841 1722 2030">
    <p class='ocr_par' dir='ltr' id='par_1_8' title="bbox 523 1841 1722 2030">
     <span class='ocr_line' id='line_1_24' title="bbox 946 1841 1110 1874; baseline -0.006 0"><span class='ocrx_word' id='word_1_194' title='bbox 946 1841 1110 1874; x_wconf 82' lang='lat' dir='ltr'>OGLXV.</span> 
     </span>
     <span class='ocr_line' id='line_1_25' title="bbox 523 1913 1528 1951; baseline -0.006 0"><span class='ocrx_word' id='word_1_195' title='bbox 523 1918 738 1951; x_wconf 70' lang='lat' dir='ltr'><strong>SOUTAGE</strong></span> <span class='ocrx_word' id='word_1_196' title='bbox 770 1918 829 1950; x_wconf 88' lang='lat' dir='ltr'>OF</span> <span class='ocrx_word' id='word_1_197' title='bbox 860 1917 1034 1950; x_wconf 80' lang='lat' dir='ltr'><strong>HENRY</strong></span> <span class='ocrx_word' id='word_1_198' title='bbox 1065 1916 1128 1948; x_wconf 85' lang='lat' dir='ltr'>DE</span> <span class='ocrx_word' id='word_1_199' title='bbox 1163 1913 1528 1948; x_wconf 74' lang='lat' dir='ltr'><strong>HUNFRAVILLE.</strong></span> 
     </span>
     <span class='ocr_line' id='line_1_26' title="bbox 709 1982 1722 2030; baseline -0.006 -12"><span class='ocrx_word' id='word_1_200' title='bbox 709 1986 855 2030; x_wconf 50' lang='lat' dir='ltr'>[Roma.</span> <span class='ocrx_word' id='word_1_201' title='bbox 881 1998 923 2018; x_wconf 79' lang='lat' dir='ltr'>nn</span> <span class='ocrx_word' id='word_1_202' title='bbox 949 1996 1064 2017; x_wconf 68' lang='lat' dir='ltr'>oBLA&#39;r.</span> <span class='ocrx_word' id='word_1_203' title='bbox 1090 1985 1130 2023; x_wconf 84' lang='grc'>1.,</span> <span class='ocrx_word' id='word_1_204' title='bbox 1156 1997 1184 2026; x_wconf 79' lang='lat' dir='ltr'>p.</span> <span class='ocrx_word' id='word_1_205' title='bbox 1214 1983 1304 2026; x_wconf 63' lang='lat'>134]</span> <span class='ocrx_word' id='word_1_206' title='bbox 1629 1982 1722 2013; x_wconf 83' lang='lat'>1201.</span> 
     </span>
    </p>
   </div>
   <div class='ocr_carea' id='block_1_8' title="bbox 290 2049 1772 2237">
    <p class='ocr_par' dir='ltr' id='par_1_9' title="bbox 290 2049 1772 2237">
     <span class='ocr_line' id='line_1_27' title="bbox 332 2049 1766 2096; baseline -0.006 -6"><span class='ocrx_word' id='word_1_207' title='bbox 332 2058 513 2090; x_wconf 60' lang='lat' dir='ltr'>namucus</span> <span class='ocrx_word' id='word_1_208' title='bbox 536 2058 575 2090; x_wconf 88' lang='lat' dir='ltr'>de</span> <span class='ocrx_word' id='word_1_209' title='bbox 600 2057 856 2089; x_wconf 54' lang='lat' dir='ltr'>limiam-um</span> <span class='ocrx_word' id='word_1_210' title='bbox 873 2057 929 2088; x_wconf 86' lang='lat' dir='ltr'>dat</span> <span class='ocrx_word' id='word_1_211' title='bbox 946 2067 1001 2086; x_wconf 80' lang='lat' dir='ltr'>xx.</span> <span class='ocrx_word' id='word_1_212' title='bbox 1026 2066 1148 2086; x_wconf 80' lang='lat' dir='ltr'>marcas</span> <span class='ocrx_word' id='word_1_213' title='bbox 1170 2064 1228 2096; x_wconf 87' lang='lat' dir='ltr'>pro</span> <span class='ocrx_word' id='word_1_214' title='bbox 1252 2053 1362 2085; x_wconf 73' lang='lat' dir='ltr'>eodem</span> <span class='ocrx_word' id='word_1_215' title='bbox 1390 2051 1668 2094; x_wconf 77' lang='lat' dir='ltr'>[transfretatione</span> <span class='ocrx_word' id='word_1_216' title='bbox 1692 2049 1766 2092; x_wconf 78' lang='lat' dir='ltr'>sua]</span> 
     </span>
     <span class='ocr_line' id='line_1_28' title="bbox 290 2120 1745 2162; baseline -0.006 -2"><span class='ocrx_word' id='word_1_217' title='bbox 290 2131 377 2160; x_wconf 83' lang='lat' dir='ltr'>tenet</span> <span class='ocrx_word' id='word_1_218' title='bbox 408 2127 543 2158; x_wconf 81' lang='lat' dir='ltr'>feudum</span> <span class='ocrx_word' id='word_1_219' title='bbox 576 2138 605 2157; x_wconf 66' lang='lat' dir='ltr'>v.</span> <span class='ocrx_word' id='word_1_220' title='bbox 632 2126 773 2158; x_wconf 84' lang='lat' dir='ltr'>militum</span> <span class='ocrx_word' id='word_1_221' title='bbox 805 2127 844 2158; x_wconf 66' lang='lat' dir='ltr'>:le</span> <span class='ocrx_word' id='word_1_222' title='bbox 876 2125 1010 2156; x_wconf 82' lang='lat' dir='ltr'>Honore</span> <span class='ocrx_word' id='word_1_223' title='bbox 1043 2122 1262 2155; x_wconf 67' lang='lat' dir='ltr'>GLOCESTRIAE</span> <span class='ocrx_word' id='word_1_224' title='bbox 1293 2125 1329 2153; x_wconf 92' lang='lat' dir='ltr'>ut</span> <span class='ocrx_word' id='word_1_225' title='bbox 1360 2121 1438 2153; x_wconf 77' lang='lat' dir='ltr'>dicit</span> <span class='ocrx_word' id='word_1_226' title='bbox 1468 2125 1498 2152; x_wconf 89' lang='lat' dir='ltr'>et</span> <span class='ocrx_word' id='word_1_227' title='bbox 1531 2131 1596 2152; x_wconf 90' lang='lat' dir='ltr'>non</span> <span class='ocrx_word' id='word_1_228' title='bbox 1630 2120 1745 2162; x_wconf 86' lang='lat' dir='ltr'>plures.</span> 
     </span>
     <span class='ocr_line' id='line_1_29' title="bbox 335 2189 1772 2237; baseline -0.006 -10"><span class='ocrx_word' id='word_1_229' title='bbox 335 2195 446 2228; x_wconf 81' lang='lat' dir='ltr'>Habet</span> <span class='ocrx_word' id='word_1_230' title='bbox 471 2195 567 2228; x_wconf 86' lang='lat' dir='ltr'>breve</span> <span class='ocrx_word' id='word_1_231' title='bbox 592 2195 632 2227; x_wconf 86' lang='lat' dir='ltr'>de</span> <span class='ocrx_word' id='word_1_232' title='bbox 657 2194 811 2237; x_wconf 79' lang='lat' dir='ltr'>seutagio.</span> <span class='ocrx_word' id='word_1_233' title='bbox 859 2193 1031 2226; x_wconf 85' lang='lat' dir='ltr'>Terminus</span> <span class='ocrx_word' id='word_1_234' title='bbox 1051 2192 1157 2224; x_wconf 82' lang='lat' dir='ltr'>medio</span> <span class='ocrx_word' id='word_1_235' title='bbox 1178 2201 1251 2222; x_wconf 78' lang='lat' dir='ltr'>vm.</span> <span class='ocrx_word' id='word_1_236' title='bbox 1273 2189 1387 2222; x_wconf 77' lang='lat' dir='ltr'>diebus</span> <span class='ocrx_word' id='word_1_237' title='bbox 1408 2193 1483 2221; x_wconf 75' lang='lat' dir='ltr'>ante</span> <span class='ocrx_word' id='word_1_238' title='bbox 1507 2189 1717 2221; x_wconf 82' lang='lat' dir='ltr'>Pentecosten</span> <span class='ocrx_word' id='word_1_239' title='bbox 1740 2189 1772 2219; x_wconf 85' lang='lat' dir='ltr'>et</span> 
     </span>
    </p>
   </div>
   <div class='ocr_carea' id='block_1_9' title="bbox 291 2263 919 2297">
    <p class='ocr_par' dir='ltr' id='par_1_10' title="bbox 291 2263 919 2297">
     <span class='ocr_line' id='line_1_30' title="bbox 291 2263 919 2297; baseline -0.005 0"><span class='ocrx_word' id='word_1_240' title='bbox 291 2265 397 2297; x_wconf 73' lang='lat' dir='ltr'>medio</span> <span class='ocrx_word' id='word_1_241' title='bbox 413 2265 453 2295; x_wconf 81' lang='lat' dir='ltr'>ad</span> <span class='ocrx_word' id='word_1_242' title='bbox 473 2265 590 2295; x_wconf 86' lang='lat' dir='ltr'>festum</span> <span class='ocrx_word' id='word_1_243' title='bbox 608 2263 717 2295; x_wconf 78' lang='lat' dir='ltr'>Sancti</span> <span class='ocrx_word' id='word_1_244' title='bbox 734 2263 756 2295; x_wconf 88' lang='lat' dir='ltr'><strong>J</strong></span> <span class='ocrx_word' id='word_1_245' title='bbox 759 2273 919 2294; x_wconf 62' lang='lat' dir='ltr'>cunnus,</span> 
     </span>
    </p>
   </div>
  </div>
 </body>
</html>
