1998 2724
1549 168 1612 199 469

180 324 295 356 elamio
316 323 554 365 imperpetuum
578 323 721 364 quinque
744 334 832 355 acras
855 325 938 355 terre
954 334 1026 355 cum
1042 322 1245 365 pertinentiis
1260 324 1325 355 suis
1343 350 1348 354 .
1367 335 1446 366 quas
1461 327 1552 366 pater
1567 336 1657 357 meus

180 393 395 426 Wunnmms
412 391 508 424 Cone
524 393 556 423 et
572 402 632 434 ego
647 394 718 433 post
734 403 808 424 eum
824 393 863 424 de
879 393 965 424 dicta
981 393 1075 424 domo
1091 392 1255 424 tenuimus
1279 418 1285 424 .
1312 392 1385 427 Que
1407 392 1514 434 jacent
1539 393 1572 424 in
1588 394 1657 426 loco

179 462 235 505 qui
250 461 368 493 dicitur
383 461 674 492 PRESTESBURGHE
693 486 698 491 .
717 463 796 492 etse
819 461 999 493 extendunt
1024 462 1058 492 in
1081 461 1217 503 longum
1243 462 1284 493 ad
1308 461 1394 493 viam
1414 473 1568 504 magnam
1592 474 1654 504 que

177 530 267 563 ducit
281 541 390 562 versus
406 529 557 561 Gonmm
577 555 584 561 .
601 533 638 562 ut
653 529 793 562 habeant
809 534 840 562 et
859 533 992 562 teneant
1014 531 1116 563 dietas
1134 531 1277 574 quinque
1295 542 1383 564 acras
1411 543 1483 564 eum
1504 532 1653 564 omnibus

175 598 382 642 pertinenciis
404 599 469 630 suis
491 599 590 631 libere
615 624 622 630 .
647 599 754 641 quiete
780 626 785 631 .
811 605 841 631 et
866 600 994 642 pacifice
1019 625 1024 630 .
1051 600 1111 632 sibi
1134 603 1167 632 et
1191 600 1420 633 successoribus
1445 601 1510 632 suis
1533 601 1650 643 imper-

176 670 321 711 petuum.
368 668 415 700 Et
430 670 468 700 ut
482 667 540 700 hec
555 679 627 700 mea
642 668 817 710 resignatio
833 671 865 700 et
881 669 1139 710 quita-clamaeio
1155 670 1317 701 firmitatis
1332 669 1429 702 robur
1452 670 1596 712 optineat
1619 671 1654 702 in
1714 685 1717 692 Δ

176 738 326 770 futurum
363 748 493 779 presens
527 737 682 779 scriptum
719 737 818 779 sigilli
846 738 908 769 mei
940 738 1148 779 impressione
1178 737 1334 770 roboravi.
1382 738 1459 770 Hiis
1486 739 1621 771 testibus
1646 764 1653 770 .

177 806 304 839 ΤΗΟΜΑ
329 805 501 838 GRAMMUS
519 832 525 837 .
543 806 721 838 MAmucm
744 806 843 838 fratre
865 806 936 848 ejus
954 832 959 837 .
978 806 1174 839 WILLELMO
1191 806 1431 839 FRANKELEYN
1451 833 1456 839 .
1477 806 1654 840 WALTERO

177 875 244 908 filio
260 875 469 907 HEREBERTI
488 901 495 909 ,
513 874 639 907 Tuom
657 875 788 907 Russm
805 878 837 907 et
853 875 934 907 aliis.

222 944 294 976 Sea}
318 944 352 976 in
375 944 456 976 dark
471 955 569 987 green
585 955 666 983 wax,
690 944 824 986 slightly
850 945 1072 987 pear-shaped‚
1097 945 1182 986 lgin.
1212 945 1256 987 by
1286 946 1347 978 lin.
1405 946 1438 978 A
1462 946 1655 978 fleur-de-lis

177 1013 333 1046 inverted.
828 1003 831 1010 Ι

223 1082 413 1125 Legend—‘
432 1088 463 1119 -ξ-
486 1082 509 1114 s’
530 1093 706 1114 WILLELMI
728 1107 733 1114 .
752 1083 861 1114 coen)

222 1151 444 1184 Endorsed—‘
458 1151 556 1183 Carta
571 1151 731 1184 Willelmi
747 1151 840 1194 Cohg
863 1152 902 1183 de
925 1152 1143 1194 resignatione
1173 1179 1179 1184 .
1208 1164 1237 1184 v.
1265 1164 1411 1184 acrarum
1435 1155 1519 1184 terre
1544 1178 1550 1184 .
1575 1165 1656 1195 quas

177 1224 270 1263 pater
285 1220 356 1263 ejus
372 1225 404 1252 et
419 1221 487 1262 ipse
503 1223 574 1262 post
589 1221 695 1262 ipsum
711 1221 751 1252 de
767 1220 860 1253 nobis
875 1221 1071 1253 ‘tenuerunt'

787 1384 1051 1417 CGCOLXXJI.

180 1464 476 1498 INSPEXIMUS
507 1465 573 1498 BY
596 1465 746 1506 ELIAS,
772 1466 945 1498 BISHOP
975 1466 1033 1498 OF
1061 1466 1331 1505 LLANDAFF,
1356 1466 1414 1499 OF
1438 1467 1471 1499 A
1495 1467 1657 1500 GRANT

289 1534 355 1566 BY
385 1533 570 1573 HENRY,
597 1533 723 1566 LATE
750 1534 936 1574 BISHOP,
968 1534 1025 1566 ΤΟ
1042 1534 1253 1566 MARGAM
1276 1535 1450 1575 ABBEY,
1475 1535 1534 1568 OF
1557 1535 1656 1568 THE

290 1602 463 1635 TITHES
495 1603 554 1635 OF
585 1603 781 1643 KENFIG,
809 1603 1015 1637 SUBJECT
1043 1603 1101 1636 TO
1130 1603 1163 1635 A
1193 1603 1393 1637 YEARLY
1424 1604 1658 1637 PAYMENT

291 1672 350 1704 OF
381 1671 478 1704 TEN
500 1672 666 1705 MARKS
690 1673 748 1705 ΤΟ
772 1673 1118 1707 TEWKESBURY.

721 1754 896 1798 [MARGAM
922 1755 1116 1798 CHARTER.]
1386 1756 1610 1788 1230—1240.

222 1836 392 1869 Universis
408 1836 549 1869 Omnsn
565 1837 713 1869 fidelibus
729 1849 858 1880 presens
874 1838 1028 1880 scriptum
1052 1837 1166 1870 visuris
1182 1837 1234 1870 vel
1249 1837 1408 1870 audituris
1423 1837 1566 1881 E[L1As]
1592 1838 1655 1870 Dei

181 1905 287 1948 gratia
302 1904 545 1937 LANDAvENsffi
561 1906 726 1948 episcopus
742 1906 879 1938 salutem
895 1911 926 1938 et
942 1906 1208 1938 benedictionem.

222 1974 278 2006 Ad
302 1974 544 2006 universitatem
569 1977 708 2007 vestram
736 1975 885 2008 volumus
910 1975 1059 2007 devenire
1084 1975 1170 2017 quod
1192 1986 1251 2007 nos
1274 1975 1549 2007 confirmationem
1574 1975 1656 2007 bone

175 2043 330 2076 memorie
344 2042 538 2086 H[ENR101]
556 2044 784 2086 predecessoris
800 2044 901 2076 nostri
918 2044 1029 2076 domui
1045 2044 1085 2075 de
1097 2043 1253 2075 MARGAN
1270 2043 1390 2076 factam
1402 2047 1434 2076 et
1457 2048 1525 2076 tam
1548 2045 1654 2087 sigillo

178 2123 235 2144 suo
251 2123 348 2154 quam
364 2112 471 2155 sigillo
487 2113 620 2155 capituli
634 2112 879 2145 LANDAVENSIS
894 2113 1055 2145 munitam
1070 2112 1270 2155 inspeximus
1284 2112 1319 2144 in
1334 2112 1392 2145 hec
1409 2112 1514 2145 verba.

221 2181 393 2214 Universis
408 2185 515 2214 sancte
530 2167 643 2214 matris
657 2183 785 2215 ecclesie
801 2183 876 2215 ffliis
891 2183 933 2215 ad
957 2194 1037 2224 quos
1051 2194 1181 2225 presens
1196 2182 1350 2224 scriptum
1374 2182 1552 2224 pervenerit
1578 2207 1583 2212 .
1609 2180 1655 2212 H.

178 2250 242 2283 Dei
257 2250 363 2293 gratia
378 2250 622 2283 LANDAVENSIS
638 2251 803 2294 episcopus
819 2251 956 2283 salutem
972 2251 1112 2294 gratiam
1128 2250 1193 2283 Dei
1208 2252 1241 2283 et
1255 2249 1519 2295 benedictionem.
