1998 2724
1506 176 1566 207 461

133 336 252 369 FORER’
272 362 278 368 .
296 347 358 379 que
372 338 458 368 terra
472 335 558 377 jacet
580 346 637 377 pro
660 336 900 378 quinquaginta
922 335 1025 367 tribus
1051 335 1132 367 acris
1156 360 1163 367 .
1188 334 1234 366 Et
1256 336 1358 366 totam
1381 336 1500 365 terram
1523 334 1607 366 inter

132 405 489 438 ELLENEWELLELAKE
506 407 538 436 et
554 403 759 437 WYTHEREL
778 430 784 436 .
802 416 864 447 que
874 409 958 436 terra
974 404 1060 446 jacet
1075 415 1132 446 pro
1144 403 1282 446 triginta
1292 405 1413 445 septem
1429 402 1508 434 acris
1533 428 1538 433 .
1564 402 1609 434 Et

136 475 300 507 residuum
317 499 324 506 .
342 485 381 506 ex
397 475 536 515 estparte
552 474 592 505 de
608 472 814 506 WYTHEREL
840 500 845 504 .
871 473 998 505 Scilicet
1013 473 1048 504 in
1064 475 1149 505 terra
1164 484 1226 515 que
1242 472 1348 505 tendit
1363 472 1403 504 de
1415 472 1496 503 vado
1508 471 1612 503 lutoso

140 543 226 585 quod
248 542 367 574 dicitur
390 542 600 574 FENNILAKE
626 567 632 573 .
657 553 713 584 per
735 543 815 574 duas
839 545 1051 584 quarentenas
1073 553 1181 573 versus
1212 541 1368 573 orientem
1401 566 1407 572 .
1439 542 1471 572 et
1501 551 1611 572 versus

139 612 323 654 aquilonem
343 628 350 643 2
369 622 471 653 usque
488 611 530 643 ad
544 613 663 643 terram
679 611 815 643 SEYETH
835 638 840 642 .
859 615 890 642 et
913 611 947 643 in
964 612 1075 643 eodem
1094 611 1188 643 feodo
1203 610 1296 643 Now
1314 610 1478 642 CASTELLI
1494 620 1617 641 moram

141 681 183 713 ad
198 680 418 723 aquilonarem
435 682 468 712 et
483 679 713 712 occidentalem
729 682 852 722 partem
872 680 991 712 montis
1010 680 1065 722 qui
1084 680 1202 711 dicitur
1221 679 1591 711 BRIDDEWDEs-CASTEL
1609 703 1615 709 .

141 761 198 792 per
224 750 282 782 has
305 750 425 782 divisas
451 775 457 781 .
482 749 609 781 Scilicet
637 750 718 781 sicut
742 750 864 781 rivulus
892 750 947 791 qui
974 749 1093 781 <licitur
1119 749 1427 781 BUDELENDELAKE
1455 748 1618 781 descendit

143 820 183 851 de
208 818 380 851 Tamum<
407 821 438 851 et
465 818 552 851 cadit
581 818 616 850 in
648 818 819 850 HOLLAKE
852 845 857 849 .
886 822 919 850 et
948 818 1064 850 exinde
1094 829 1195 860 usque
1225 818 1267 849 ad
1296 817 1391 849 illum
1420 818 1525 849 locum
1556 828 1620 859 quo

138 888 273 920 ultimus
296 888 419 920 rivulus
441 899 550 920 versus
573 887 729 919 orientem
752 888 946 919 descendens
969 888 1008 919 de
1032 887 1204 919 TREYKYK
1228 887 1314 919 cadit
1328 887 1363 918 in
1379 886 1552 919 HOLLAKE
1576 898 1616 918 ex

143 960 282 999 estparte
297 958 337 989 de
353 956 555 989 REDEFORD’
582 982 587 988 .
613 956 659 988 Et
674 956 790 988 exinde
807 968 915 988 versus
931 956 1114 998 aquilonem
1130 967 1230 998 usque
1246 957 1288 988 ad
1303 967 1461 998 magnum
1476 956 1617 998 lapidem

143 1027 199 1068 qui
223 1029 287 1058 stat
309 1027 344 1058 in
366 1037 456 1058 mora
479 1037 519 1058 ex
542 1028 680 1068 estparte
704 1025 850 1068 ejusdem
874 1026 970 1057 rivuli
996 1052 1001 1057 .
1027 1025 1073 1057 Et
1103 1025 1218 1057 exinde
1250 1036 1349 1067 usque
1372 1025 1414 1057 ad
1437 1024 1618 1057 DUMETUM

142 1095 256 1127 subtus
277 1095 494 1127 ALTERHERY
512 1118 520 1128 .
545 1094 591 1127 Et
606 1095 723 1127 exinde
741 1106 841 1136 usque
858 1095 899 1126 ad
915 1097 1034 1126 terram
1050 1093 1203 1126 arabilem
1220 1094 1332 1126 subtus
1348 1093 1519 1126 TREYKYK
1546 1119 1551 1125 .
1577 1093 1623 1125 Et

138 1164 255 1196 exinde
278 1175 386 1196 versus
409 1164 606 1196 occidentem
629 1164 711 1196 sicut
737 1166 821 1195 terra
845 1163 974 1195 arabilis
995 1163 1112 1195 dividit
1142 1163 1278 1195 eandem
1308 1174 1432 1195 moram
1455 1174 1555 1204 usque
1578 1163 1620 1194 ad

144 1233 324 1275 predictum
339 1233 483 1265 rivulum
499 1233 555 1275 qui
579 1233 695 1265 dicitur
719 1232 1030 1264 BUDELEN1›EJ.AKE
1058 1258 1063 1264 .
1089 1232 1135 1264 Et
1157 1234 1275 1264 terram
1299 1244 1360 1274 que
1383 1232 1502 1264 dicitur
1517 1231 1622 1263 SEYE-

144 1313 295 1334 TESLAND
324 1328 330 1334 .
357 1302 403 1334 Et
424 1302 590 1334 redditum
613 1304 683 1334 octo
707 1302 881 1334 solidorum
905 1304 936 1333 et
960 1304 1098 1343 quatuor
1118 1301 1323 1333 denariorum
1340 1327 1346 1332 .
1365 1301 1420 1343 qui
1436 1301 1515 1333 solet
1530 1301 1622 1333 reddi

143 1371 313 1403 annuatim
338 1371 377 1403 de
406 1372 491 1403 terra
515 1382 577 1413 que
602 1371 720 1403 dicitur
747 1370 1023 1402 LACHELESLAND
1049 1396 1054 1401 .
1079 1370 1125 1401 Et
1162 1372 1281 1402 terram
1314 1369 1533 1402 KETHERECH
1561 1381 1623 1411 que

141 1440 227 1482 jacet
244 1440 285 1472 ad
301 1440 475 1472 australem
489 1442 615 1482 partem
626 1440 722 1482 juxta
738 1451 893 1482 magnam
909 1439 995 1471 viam
1005 1440 1192 1471 tendentem
1204 1450 1313 1470 versus
1323 1437 1618 1481 LACHELEST[ON].

144 1509 189 1541 Et
216 1512 335 1541 terram
366 1521 427 1552 que
458 1509 576 1541 dicitur
607 1509 835 1541 Ropmsmxn
869 1535 874 1540 .
907 1520 946 1540 ex
977 1508 1077 1540 altera
1107 1511 1197 1550 parte
1228 1508 1375 1550 ejusdem
1404 1519 1522 1550 magne
1560 1508 1619 1540 vie.

143 1577 322 1610 Habendas
347 1579 380 1610 et
403 1578 560 1610 tenendas
585 1589 657 1610 cum
685 1577 833 1610 omnibus
864 1577 1067 1609 libertatibus
1090 1579 1123 1608 et
1145 1577 1341 1608 aisiamentis
1364 1576 1429 1608 suis
1452 1577 1491 1608 de
1515 1588 1565 1608 me
1589 1581 1621 1608 et

139 1646 310 1679 heredibus
332 1647 411 1679 meis
433 1647 532 1679 libere
557 1649 589 1679 et
612 1646 719 1689 quiete
742 1646 783 1678 ab
807 1647 894 1678 omni
926 1646 1055 1678 servitio
1080 1672 1086 1677 .
1112 1645 1341 1677 cousuetudine
1366 1670 1373 1677 .
1398 1647 1430 1677 et
1453 1645 1618 1677 exactione

141 1716 274 1748 seculari
291 1743 297 1748 .
315 1716 397 1748 sicut
412 1716 480 1747 ulla
495 1716 668 1748 elemosina
683 1716 842 1758 integrius
860 1743 865 1747 .
884 1715 1016 1747 liberius
1033 1741 1039 1747 .
1057 1717 1089 1746 et
1105 1715 1245 1757 quietius
1260 1716 1365 1756 potest
1380 1714 1492 1746 teneri.

190 1784 340 1817 Preterea
356 1784 431 1816 dedi
447 1784 584 1817 concessi
600 1786 631 1816 et
656 1784 841 1816 confirmavi
859 1784 978 1816 eisdem
1002 1783 1166 1815 monachis
1188 1783 1222 1814 in
1245 1794 1360 1825 puram
1383 1784 1415 1814 et
1431 1786 1619 1824 perpetuam

146 1853 353 1886 elemosinam
379 1856 411 1885 et
434 1854 580 1895 quietum
596 1854 731 1886 clamavi
756 1856 788 1885 et
810 1853 918 1885 remisi
941 1853 975 1884 in
998 1853 1188 1894 perpetuum
1212 1854 1317 1883 totum
1340 1851 1534 1883 forinsecum
1557 1862 1620 1882 ser-

142 1922 262 1954 vicium
277 1923 317 1954 de
333 1922 426 1954 feodo
444 1923 484 1954 de
499 1922 704 1955 LANDGEWY
721 1949 727 1954 .
745 1923 831 1964 quod
855 1923 896 1953 ad
920 1933 971 1953 me
988 1921 1037 1953 vel
1061 1922 1102 1952 ad
1124 1923 1336 1952 antecessores
1358 1931 1445 1952 meos
1460 1920 1620 1962 pertinere

145 1991 267 2023 solebat
284 2017 289 2023 .
307 1991 358 2023 vel
374 1992 460 2033 quod
475 1992 517 2023 ad
532 2003 583 2023 me
598 1992 650 2023 vel
666 1992 707 2023 ad
730 1992 862 2023 heredes
885 2002 971 2023 meos
994 1990 1132 2033 pertinet
1148 1991 1254 2031 preter
1275 1989 1444 2021 dimidiam
1459 1989 1622 2020 marcham

147 2060 346 2093 solummodo
361 2071 459 2102 quam
476 2060 576 2092 michi
593 2063 624 2092 et
639 2059 812 2092 heredibus
828 2060 907 2092 meis
923 2059 1093 2091 annuatim
1108 2058 1243 2090 reddent
1256 2060 1324 2090 tam
1335 2069 1393 2100 pro
1405 2058 1513 2089 warda
1526 2068 1623 2098 quam

147 2140 205 2171 pro
220 2129 309 2161 omni
325 2128 388 2160 alio
405 2129 536 2161 servitio
555 2129 595 2161 de
611 2129 724 2161 eodem
739 2129 833 2160 feodo
859 2129 901 2160 ad
923 2139 981 2160 nos
1003 2127 1193 2170 pertinente.
1240 2126 1391 2158 Preterea
1414 2127 1454 2158 de
1477 2125 1626 2158 omnibus

147 2198 218 2230 aliis
233 2197 425 2230 tenementis
441 2209 503 2240 que
519 2197 637 2239 prefati
653 2197 802 2230 monachi
818 2198 931 2229 tenent
948 2223 954 2228 .
972 2199 1077 2228 totum
1097 2195 1290 2228 forinsecum
1307 2194 1474 2227 servicium
1487 2194 1573 2236 quod
1583 2194 1624 2225 ad

148 2270 359 2300 antecessores
370 2278 458 2299 meos
469 2266 629 2309 pertinere
646 2266 768 2298 solebat
785 2292 791 2297 .
810 2266 860 2298 vel
871 2266 953 2308 quod
969 2266 1010 2297 ad
1020 2276 1070 2297 me
1081 2265 1132 2296 vel
1143 2265 1184 2296 ad
1200 2264 1331 2296 heredes
1341 2274 1427 2295 meos
1437 2263 1600 2305 pertinent
1617 2287 1624 2294 .
