1998 2724
1542 169 1604 200 633

174 334 349 366 lationibus
365 333 537 365 elementer
552 331 725 363 annuimus
744 356 749 362 .
767 333 799 362 et
814 330 1045 362 monasterium
1066 328 1183 361 Sancte
1203 328 1266 360 Dei
1289 327 1453 370 genitricis
1468 330 1499 358 et
1515 326 1651 369 virginis

176 403 298 435 Mnus
321 403 361 434 de
384 401 540 434 MARGAN
564 399 807 432 LANDAVENSIS
831 400 988 431 dioceseos
1008 399 1043 430 in
1065 410 1127 440 quo
1143 398 1254 429 divino
1275 397 1350 428 estis
1365 396 1516 438 obsequio
1530 395 1651 426 manci-

175 472 243 515 pati
274 471 333 504 sub
363 471 449 503 beati
474 470 581 502 PETRI
612 471 645 500 et
674 472 784 500 nostra
815 468 1011 510 protectione
1043 467 1237 509 suscepimus
1263 491 1270 497 .
1297 469 1329 497 et
1360 465 1516 507 presentis
1543 463 1650 505 scripti

175 540 347 583 privilegio
368 539 612 572 communimus.
660 537 701 569 In
720 537 832 579 primis
854 537 1012 579 siquidem
1036 538 1212 568 statuentes
1231 537 1267 566 ut
1291 535 1368 566 ordo
1389 533 1583 565 monasticus
1599 532 1655 573 qui

177 610 352 642 secundum
379 608 487 640 Deum
512 610 543 639 et
567 606 653 639 beati
674 606 867 638 ΒΕΝΕΒΙΟΤῙ
888 606 1035 648 regulam
1059 608 1155 647 atque
1177 603 1415 636 institutionem
1437 602 1654 634 C1sTERoisN-

178 689 259 710 SIUM
284 678 422 710 fratrum
442 689 461 709 a
484 676 574 708 vobis
597 678 672 707 ante
696 675 867 707 concilium
890 675 1040 717 generale
1065 677 1244 716 susceptam
1270 673 1304 704 in
1328 673 1440 704 eodem
1463 670 1656 702 monasterio

178 748 347 779 institutus
366 757 431 778 esse
454 745 630 778 dinoscitur
653 745 817 787 perpetuis
840 744 960 775 ibidem
991 742 1188 785 temporibus
1211 741 1439 773 inviolabiliter
1462 740 1655 772 observetur.

179 816 329 849 Preterea
342 826 557 858 quascumque
569 814 781 856 possessiones
799 839 804 844 .
823 824 1022 855 quecumque
1047 812 1132 844 bona
1148 811 1268 843 ibidem
1294 810 1524 842 monasterium
1540 809 1657 851 impre-

179 886 355 918 sentiarum
377 885 463 927 juste
487 895 523 916 ae
545 883 696 915 canonice
720 883 859 925 possidet
886 908 891 913 .
915 885 971 913 aut
994 882 1029 913 in
1053 881 1200 913 futurum
1225 880 1423 912 concessione
1444 878 1632 921 pontifieum
1652 903 1658 908 .

178 955 351 998 largitione
381 965 496 997 regum
528 979 534 985 .
568 953 617 985 vel
649 953 831 995 principum
863 952 1024 984 oblatione
1051 951 1195 983 fidelium
1220 975 1226 981 .
1259 961 1314 981 seu
1341 949 1412 980 aliis
1438 948 1534 990 justis
1558 947 1661 979 modis

181 1026 344 1067 prestante
367 1024 496 1055 domino
521 1023 639 1065 poterit
662 1021 795 1064 adipisci
818 1022 911 1053 firma
934 1021 1024 1052 vobis
1047 1020 1222 1061 vestrisque
1242 1017 1472 1050 suecessoribus
1488 1020 1520 1049 et
1535 1016 1661 1048 illibata

180 1094 400 1136 permaneant.
456 1092 498 1124 In
518 1091 635 1134 quibus
658 1091 716 1123 hec
740 1091 876 1133 propriis
900 1091 1051 1121 duximus
1074 1089 1283 1131 exprimenda
1307 1086 1477 1119 vocabulis.
1537 1085 1661 1117 Locum

181 1162 288 1204 ipsum
310 1162 344 1193 in
366 1172 429 1203 quo
452 1160 615 1203 prefatum
639 1159 869 1191 monasterium
893 1159 990 1190 situm
1014 1162 1061 1190 est
1083 1170 1155 1189 eum
1175 1156 1324 1189 omnibus
1347 1155 1551 1198 pertinentiis
1572 1155 1636 1186 suis
1654 1179 1660 1185 .

183 1232 223 1263 de
239 1230 364 1263 AVENE
383 1256 389 1262 .
407 1231 446 1262 de
459 1229 671 1261 ENYSAUENE
690 1255 696 1260 .
714 1229 754 1260 de
771 1228 917 1260 HAuo'ro
934 1227 1100 1259 Pomfflu
1116 1252 1122 1258 .
1137 1228 1175 1258 de
1189 1226 1338 1257 PENNUD
1355 1250 1361 1256 .
1381 1225 1421 1256 de
1438 1224 1636 1256 Rossoumx
1657 1248 1662 1254 .

182 1301 223 1332 (16
244 1299 503 1332 EGLFAEKEYNUR
528 1325 533 1330 .
559 1299 599 1330 de
616 1297 809 1330 GLYNGARU
837 1323 842 1329 .
869 1297 908 1329 de
932 1296 1177 1328 HAUOTHALOK
1198 1321 1203 1326 .
1229 1295 1268 1326 de
1285 1294 1414 1326 Trnms
1434 1319 1439 1324 .
1462 1294 1501 1325 de
1518 1292 1638 1324 Mans
1655 1317 1661 1323 .

179 1370 222 1401 de
239 1368 496 1400 Mmmzfflmvs
510 1393 517 1399 .
530 1368 570 1399 de
587 1367 748 1399 GARDINO
765 1392 771 1398 .
790 1367 829 1398 de
843 1365 960 1398 Sancto
973 1365 1159 1397 MICHAELE
1173 1390 1178 1395 .
1191 1365 1230 1395 de
1241 1363 1413 1395 KENEFEG
1426 1388 1432 1393 .
1445 1363 1483 1393 de
1496 1361 1637 1393 Srmmv
1657 1386 1662 1392 .

184 1438 224 1470 (16
236 1437 417 1469 LANGEWY
435 1462 440 1468 .
456 1437 496 1468 de
507 1436 756 1468 LANMEUTHYN
775 1461 781 1467 .
800 1435 839 1467 de
852 1435 1160 1466 BoNEx-ILLEs-TONA
1179 1459 1183 1464 .
1203 1434 1242 1464 de
1254 1432 1358 1464 MonA
1370 1431 1466 1474 juxta
1479 1430 1641 1462 KAERDIF
1657 1456 1661 1461 .

185 1507 225 1538 de
248 1506 491 1538 LESTELEBONT
513 1530 519 1536 .
542 1508 574 1537 et
595 1505 634 1536 de
656 1504 868 1536 HOSEBRUGE
885 1503 1038 1546 grangias
1057 1529 1062 1534 .
1081 1514 1153 1534 eum
1166 1501 1360 1533 molendinis
1377 1526 1383 1532 .
1401 1501 1493 1532 terris
1511 1525 1516 1530 .
1535 1499 1636 1530 vineis
1657 1524 1661 1529 .

184 1575 327 1618 pisoariis
345 1601 350 1606 .
368 1575 492 1617 pascuis
506 1599 513 1606 .
526 1574 711 1605 nemoribus
724 1597 731 1603 .
746 1578 777 1605 et
787 1573 859 1604 aliis
872 1572 1076 1615 pertinentiis
1089 1572 1263 1603 eorundem
1276 1596 1281 1602 .
1298 1570 1436 1601 decimas
1448 1569 1621 1611 garbarum
1633 1573 1665 1599 et

185 1646 286 1676 terras
301 1655 380 1685 quas
394 1643 430 1675 in
446 1644 486 1674 de
502 1642 674 1674 KENEFEG
691 1643 731 1674 de
746 1642 845 1674 Novo
862 1642 991 1674 GAs‘rRo
1007 1642 1047 1672 de
1063 1640 1318 1672 'PEDEGESTOWE
1336 1643 1367 1670 et
1383 1639 1422 1670 de
1439 1637 1662 1669 LAGELESTON

184 1713 386 1745 eeclesiarum
402 1711 559 1754 parochiis
575 1711 726 1743 obtinetis
743 1737 749 1743 .
768 1723 840 1743 cum
853 1711 948 1742 terris
966 1736 970 1741 .
989 1710 1108 1752 pratis.
1129 1709 1229 1740 vineis
1246 1734 1252 1740 .
1270 1707 1453 1739 nemoribus
1470 1733 1476 1738 .
1495 1706 1638 1748 usuagiis
1657 1731 1662 1736 .

185 1784 216 1814 et
230 1781 356 1824 pascuis
374 1806 380 1812 .
397 1780 432 1812 in
447 1780 540 1812 bosco
557 1782 588 1812 et
604 1781 700 1822 plano
716 1781 751 1811 in
767 1780 859 1822 aquis
872 1782 903 1811 et
919 1779 1114 1810 molendinis
1132 1803 1137 1808 .
1156 1779 1189 1809 in
1207 1777 1266 1809 viis
1283 1780 1313 1808 et
1331 1776 1451 1808 semitis
1467 1779 1499 1807 et
1515 1775 1663 1807 omuibus

183 1851 255 1883 aliis
270 1849 473 1882 libertatibus
489 1852 521 1881 et
536 1849 798 1881 immunitatibus
814 1849 887 1881 suis.

229 1920 313 1952 Sane
328 1918 475 1951 laborum
492 1921 669 1950 vestrorum
686 1919 726 1950 de
746 1917 995 1960 possessionibus
1016 1916 1135 1948 habitis
1151 1920 1225 1947 ante
1242 1915 1412 1947 concilium
1429 1914 1578 1956 generale
1596 1940 1601 1944 .
1628 1925 1663 1943 ne

178 1989 283 2021 etiam
297 1988 463 2020 novalium
479 1999 541 2030 que
557 1987 694 2030 propriis
716 1987 867 2019 manibus
882 1991 937 2018 aut
957 1984 1140 2027 sumptibus
1155 1984 1258 2016 colitis
1276 2009 1281 2015 .
1300 1985 1339 2014 (16
1358 1983 1475 2026 quibus
1495 1982 1664 2014 novalibus

186 2057 302 2099 aliquis
319 2057 474 2089 hactenus
497 2068 562 2088 non
581 2057 722 2099 percepit
744 2056 809 2087 sive
825 2056 865 2087 de
881 2056 958 2087 ortis
976 2081 981 2085 .
1000 2054 1150 2097 virgultis
1168 2079 1174 2084 .
1193 2059 1224 2085 et
1240 2052 1468 2096 piscat-ionibus
1484 2052 1596 2083 vestris
1612 2051 1662 2082 vel

186 2127 226 2158 de
246 2126 454 2157 nutrimentis
475 2125 664 2157 animalium
690 2129 866 2157 vestrorum
886 2124 997 2156 nullus
1020 2135 1038 2154 a
1061 2123 1151 2155 vobis
1174 2123 1313 2154 decimas
1336 2123 1464 2164 exigere
1488 2121 1538 2152 vel
1558 2127 1661 2152 extor-

187 2205 284 2237 quere
305 2196 479 2236 presumat.
526 2193 639 2225 Liceat
663 2204 789 2235 quoque
813 2193 902 2225 vobis
927 2193 1054 2224 clericos
1078 2192 1128 2223 vel
1157 2192 1253 2223 iaieos
1274 2190 1390 2222 liberos
1411 2194 1442 2221 et
1463 2190 1623 2221 absolutos
1645 2201 1661 2220 e

187 2263 292 2305 seculo
312 2262 477 2305 fugientes
499 2263 540 2294 ad
561 2261 801 2294 conversionem
822 2262 960 2303 recipere
986 2287 991 2292 .
1016 2264 1048 2292 et
1069 2272 1121 2292 eos
1144 2260 1263 2302 absque
1285 2259 1535 2291 contradictione
1556 2258 1664 2299 aliqua

345 2369 398 2395 41:
