1998 2724
1551 172 1613 203 481

183 332 462 366 warantizabimus
487 331 734 373 imperpetuum.
792 331 840 363 Et
863 331 922 364 hec
948 331 1057 364 omnia
1077 342 1128 363 me
1156 330 1318 363 facturum
1343 331 1375 361 et
1399 329 1468 362 sine
1492 330 1559 361 ullo
1585 329 1659 362 dolo

180 404 381 435 servaturum
397 400 526 433 affidavi
550 427 556 432 .
580 403 612 432 et
634 412 729 442 super
752 400 932 433 sanctuaria
954 400 1177 442 prenominato
1200 399 1328 432 ecclesie
1350 398 1458 441 juravi
1481 400 1513 430 et
1535 398 1660 441 plegios

183 471 293 504 inveni
317 497 323 503 .
349 470 478 503 Scilicet
500 469 665 502 ALAITHU
689 469 756 502 filio
780 469 978 502 YTHENARD
1004 495 1009 501 .
1035 473 1067 501 et
1091 468 1295 501 GmrmNUM
1318 468 1422 500 filium
1445 467 1582 500 GNAlrn
1605 470 1661 500 ,et

185 540 399 574 GAUFRIDUM
420 540 522 572 filium
546 539 715 572 GNAITHLR
769 539 846 571 Hiis
866 539 1002 571 testibus
1022 565 1027 570 .
1050 538 1160 570 Imm
1183 540 1215 570 et
1236 537 1399 570 RmRETn
1418 537 1493 569 filiis
1513 536 1629 569 Riwn,
1652 563 1658 568 .

182 609 274 642 Ruso
285 609 358 641 Con
373 635 378 640 .
392 609 509 641 ENION
520 611 552 640 et
562 607 682 640 Tmou
699 607 774 640 filiis
789 607 920 639 Rmmn
939 631 945 637 .
963 607 1159 640 RUATHLAN
1170 606 1237 639 filio
1254 606 1408 638 Ronmm
1424 605 1465 638 ab
1481 605 1657 637 ENNIAUN.

227 678 450 710 Endorsed—-‘
465 677 563 710 Carta
579 677 725 719 ejusdem
741 677 781 708 de
797 679 865 708 tota
882 679 963 708 terre
980 677 1080 718 patris
1096 676 1167 708 suis

764 807 1084 840 OOGOLXXXHI.

197 878 360 912 GRANT
390 878 456 911 BY
486 877 722 918 JORUARD,
755 877 844 910 SON
876 877 936 909 OF
967 876 1279 914 GISTELLARD,
1312 876 1371 908 OF
1401 876 1558 909 LANDS
1589 876 1652 909 AT

307 941 477 974 GATPIT
507 941 610 974 AND
642 940 862 980 CORNELI,
894 939 1005 979 ETC„
1038 939 1095 972 TO
1127 939 1338 972 MARGAM
1369 939 1542 972 ABBEY.

726 1009 902 1053 [MARGAM
927 1008 1120 1051 CHARTER]

226 1082 336 1114 Sciant
363 1092 472 1113 omnes
499 1084 662 1123 presentes
689 1082 722 1112 et
748 1080 852 1112 futuri
877 1106 883 1111 .
910 1080 997 1122 quod
1025 1091 1084 1120 ego
1110 1079 1270 1112 JORUARD
1293 1079 1379 1110 filius
1404 1078 1634 1110 Gusmrmnm
1656 1103 1662 1109 .

182 1151 258 1182 dedi
273 1154 305 1183 et
320 1150 458 1183 concessi
474 1175 481 1182 .
499 1152 532 1182 et
550 1150 610 1182 hac
633 1150 774 1192 presenti
797 1152 884 1181 carta
908 1160 979 1180 mea
1003 1148 1189 1180 confirmavi
1207 1174 1213 1179 .
1232 1159 1288 1190 pro
1312 1148 1423 1192 salute
1439 1147 1545 1179 anime
1567 1159 1637 1179 mee
1655 1172 1662 1179 .

181 1223 214 1252 et
241 1222 476 1252 antecessorum
503 1222 534 1250 et
562 1229 777 1251 successorum
804 1229 959 1250 meorum.
1007 1217 1078 1250 Deo
1105 1220 1138 1249 et
1165 1217 1293 1249 ecclesie
1325 1216 1440 1249 Sancte
1472 1217 1593 1248 MARIE
1625 1217 1664 1248 de

181 1289 337 1321 MARGAN
370 1314 376 1320 .
408 1291 440 1321 et
476 1288 642 1320 monachis
679 1287 801 1320 ibidem
838 1287 910 1319 Deo
950 1286 1164 1319 servientibus
1198 1287 1232 1318 in
1267 1297 1382 1328 puram
1413 1288 1445 1318 et
1475 1289 1665 1328 perpetuam

182 1358 390 1390 elemosinam
412 1360 517 1390 totum
539 1357 593 1400 jus
616 1369 725 1389 meum
748 1357 783 1388 in
806 1359 874 1389 tota
897 1359 982 1388 terra
1006 1367 1067 1398 que
1093 1355 1158 1387 fuit
1182 1355 1204 1387 J
1207 1367 1315 1387 EOVAF
1343 1355 1395 1387 avi
1421 1356 1485 1387 mei
1512 1381 1517 1386 .
1545 1355 1665 1387 scilicet

181 1427 268 1469 apud
295 1425 473 1458 CATTEPUT
500 1452 506 1458 .
533 1437 596 1458 xrs.
624 1437 712 1458 acras
740 1451 746 1458 .
773 1428 806 1458 et
831 1426 928 1468 juxta
959 1430 1078 1458 terram
1109 1424 1270 1457 HUGONrs
1302 1425 1341 1456 de
1372 1424 1567 1456 HEREFORD
1597 1435 1662 1456 xm.

180 1507 269 1528 acras
287 1521 292 1527 .
311 1499 343 1527 et
359 1507 458 1527 unam
473 1507 580 1527 acram
595 1495 681 1538 prati
697 1521 703 1527 .
722 1498 754 1527 et
771 1506 841 1527 XVI.
860 1506 947 1527 acras
964 1495 1050 1537 apud
1071 1494 1223 1526 CORNELI
1242 1493 1338 1536 juxta
1356 1497 1475 1526 terram
1492 1493 1663 1526 WALTERI

180 1564 312 1596 LUUEL.
359 1564 560 1597 Habendum
576 1567 608 1596 et
623 1565 801 1596 tenendum
822 1565 861 1596 de
885 1576 936 1596 me
960 1566 991 1596 et
1014 1562 1184 1595 heredibus
1207 1563 1286 1594 meis
1308 1562 1407 1595 libere
1431 1565 1464 1595 et
1491 1563 1598 1604 quiete
1621 1563 1661 1595 ab

181 1634 270 1666 omni
300 1633 429 1665 servitio
460 1638 491 1666 et
523 1634 688 1666 exactione
719 1634 854 1666 seculari
886 1659 891 1665 .
925 1635 1085 1675 quantum
1116 1633 1157 1664 ad
1188 1644 1246 1664 nos
1276 1632 1417 1674 pertinet
1444 1658 1451 1664 .
1481 1632 1563 1664 sicut
1594 1631 1662 1664 ulla

180 1703 354 1735 elemosina
375 1702 507 1735 liberius
529 1706 561 1734 et
584 1703 725 1745 quietius
748 1702 852 1734 teneri
874 1705 988 1744 potest.
1036 1701 1080 1733 Et
1106 1701 1271 1733 sciendum
1295 1701 1381 1743 quod
1404 1712 1464 1743 ego
1491 1703 1523 1732 et
1552 1712 1661 1732 omnes

179 1772 312 1804 heredes
341 1772 405 1804 mei
437 1797 443 1803 .
475 1772 634 1814 predictas
665 1774 765 1804 terras
796 1771 1019 1814 abjuravimus
1049 1771 1287 1813 imperpetuum
1319 1795 1326 1801 .
1359 1772 1391 1801 et
1421 1781 1473 1802 eas
1508 1769 1660 1812 predictis

179 1840 344 1872 monachis
373 1844 484 1872 contra
515 1852 625 1873 omnes
655 1840 802 1872 homines
831 1839 1120 1872 warantizabimus.
1171 1838 1249 1870 Hiis
1280 1838 1415 1871 testibus
1446 1864 1453 1870 .
1482 1838 1659 1872 WAL'rERO

176 1909 302 1941 Luem,
322 1935 329 1941 .
353 1908 536 1942 STEPHANO
563 1909 675 1942 clerico
700 1935 706 1941 .
731 1913 763 1941 et
792 1909 947 1941 Rmfflno
974 1908 1041 1940 filio
1068 1908 1139 1950 ejus
1163 1932 1170 1939 .
1190 1907 1368 1940 WASMERO
1394 1933 1400 1939 .
1428 1908 1624 1939 ALAYTHUR
1649 1933 1656 1939 .

179 1977 269 2010 Ruso
285 1977 377 2010 Goon
394 2003 400 2009 .
418 1980 451 2010 et
466 1978 578 2010 multis
593 1978 673 2010 aliis.

223 2046 344 2079 Round
367 2047 441 2086 seal,
458 2047 538 2079 dark
562 2059 662 2089 green
685 2059 766 2087 wax,
785 2047 872 2086 lssin.
890 2047 986 2079 diam.
1033 2046 1089 2078 An
1113 2046 1324 2078 omamented
1348 2045 1457 2077 estoile
1483 2046 1517 2078 of
1542 2045 1656 2078 twelve

177 2128 214 2148 ΓΒ,
238 2127 261 2148 S.

213 2128 235 2158 y
505 2162 512 2176 ι
525 2164 556 2196 -Ι-
578 2159 700 2192 SIGILL'
719 2185 725 2191 .
743 2170 931 2191 IEREVORDI
949 2185 955 2191 .
974 2170 1059 2191 FILII
1077 2184 1083 2190 .
1102 2157 1325 2191 GISTELARD1.'

220 2228 443 2260 Endorsed—‘
456 2227 553 2260 Carta
568 2228 590 2260 J
593 2229 722 2260 oruardi
742 2228 802 2261 filii
823 2227 1038 2268 Gistelardi’3
1063 2228 1129 2259 and
1151 2227 1332 2259 later—‘in
1356 2226 1486 2269 Oatput‚
1504 2226 1654 2268 Gornely,

175 2297 280 2330 etcet.'

328 2373 344 2398 3
361 2377 380 2398 L
