<?xml version="1.0" encoding="UTF-8"?>
<!DOCTYPE html PUBLIC "-//W3C//DTD XHTML 1.0 Transitional//EN"
    "http://www.w3.org/TR/xhtml1/DTD/xhtml1-transitional.dtd">
<html xmlns="http://www.w3.org/1999/xhtml" xml:lang="en" lang="en">
 <head>
  <title>
</title>
<meta http-equiv="Content-Type" content="text/html;charset=utf-8" />
  <meta name='ocr-system' content='tesseract 3.04.00' />
  <meta name='ocr-capabilities' content='ocr_page ocr_carea ocr_par ocr_line ocrx_word'/>
</head>
<body>
  <div class='ocr_page' id='page_1' title='image "./cartaeetaliamuni02claruoft_0069.png"; bbox 0 0 1998 2724; ppageno 0'>
   <div class='ocr_carea' id='block_1_1' title="bbox 1531 133 1594 163">
    <p class='ocr_par' dir='ltr' id='par_1_1' title="bbox 1531 133 1594 163">
     <span class='ocr_line' id='line_1_1' title="bbox 1531 133 1594 163; baseline 0 0"><span class='ocrx_word' id='word_1_1' title='bbox 1531 133 1594 163; x_wconf 62' lang='lat'>255</span> 
     </span>
    </p>
   </div>
   <div class='ocr_carea' id='block_1_2' title="bbox 154 291 1645 2202">
    <p class='ocr_par' dir='ltr' id='par_1_2' title="bbox 154 291 1645 2202">
     <span class='ocr_line' id='line_1_2' title="bbox 154 291 1640 336; baseline -0.003 -9"><span class='ocrx_word' id='word_1_2' title='bbox 154 295 259 327; x_wconf 78' lang='lat' dir='ltr'>facere</span> <span class='ocrx_word' id='word_1_3' title='bbox 277 294 521 336; x_wconf 73' lang='lat' dir='ltr'>compellantur.</span> <span class='ocrx_word' id='word_1_4' title='bbox 569 294 633 326; x_wconf 87' lang='lat' dir='ltr'>Pro</span> <span class='ocrx_word' id='word_1_5' title='bbox 649 293 938 326; x_wconf 83' lang='lat' dir='ltr'>consecrationibus</span> <span class='ocrx_word' id='word_1_6' title='bbox 954 304 1030 326; x_wconf 91' lang='lat' dir='ltr'>vero</span> <span class='ocrx_word' id='word_1_7' title='bbox 1046 293 1186 325; x_wconf 79' lang='lat' dir='ltr'>altarum</span> <span class='ocrx_word' id='word_1_8' title='bbox 1202 292 1252 324; x_wconf 91' lang='lat' dir='ltr'>vel</span> <span class='ocrx_word' id='word_1_9' title='bbox 1271 292 1474 324; x_wconf 85' lang='lat' dir='ltr'>eeclesiarum</span> <span class='ocrx_word' id='word_1_10' title='bbox 1496 291 1562 322; x_wconf 85' lang='lat' dir='ltr'>sive</span> <span class='ocrx_word' id='word_1_11' title='bbox 1583 302 1640 333; x_wconf 85' lang='lat' dir='ltr'>pro</span> 
     </span>
     <span class='ocr_line' id='line_1_3' title="bbox 154 359 1639 405; baseline -0.003 -9"><span class='ocrx_word' id='word_1_12' title='bbox 154 363 223 396; x_wconf 88' lang='lat' dir='ltr'>oleo</span> <span class='ocrx_word' id='word_1_13' title='bbox 254 366 363 396; x_wconf 86' lang='lat' dir='ltr'>sancto</span> <span class='ocrx_word' id='word_1_14' title='bbox 393 363 446 395; x_wconf 89' lang='lat' dir='ltr'>vel</span> <span class='ocrx_word' id='word_1_15' title='bbox 475 362 620 405; x_wconf 88' lang='lat' dir='ltr'>quolibet</span> <span class='ocrx_word' id='word_1_16' title='bbox 649 363 859 396; x_wconf 82' lang='lat' dir='ltr'>ecclesiastico</span> <span class='ocrx_word' id='word_1_17' title='bbox 890 363 1088 395; x_wconf 82' lang='lat' dir='ltr'>sacramento</span> <span class='ocrx_word' id='word_1_18' title='bbox 1119 361 1229 393; x_wconf 91' lang='lat' dir='ltr'>nullus</span> <span class='ocrx_word' id='word_1_19' title='bbox 1256 372 1275 393; x_wconf 85' lang='lat' dir='ltr'>a</span> <span class='ocrx_word' id='word_1_20' title='bbox 1301 360 1391 393; x_wconf 80' lang='lat' dir='ltr'>vobis</span> <span class='ocrx_word' id='word_1_21' title='bbox 1418 359 1476 392; x_wconf 87' lang='lat' dir='ltr'>sub</span> <span class='ocrx_word' id='word_1_22' title='bbox 1504 359 1639 392; x_wconf 89' lang='lat' dir='ltr'>obtentu</span> 
     </span>
     <span class='ocr_line' id='line_1_4' title="bbox 154 428 1640 474; baseline -0.003 -9"><span class='ocrx_word' id='word_1_23' title='bbox 154 432 394 465; x_wconf 88' lang='lat' dir='ltr'>consuetudinis</span> <span class='ocrx_word' id='word_1_24' title='bbox 417 432 468 464; x_wconf 87' lang='lat' dir='ltr'>vel</span> <span class='ocrx_word' id='word_1_25' title='bbox 491 432 554 464; x_wconf 87' lang='lat' dir='ltr'>alio</span> <span class='ocrx_word' id='word_1_26' title='bbox 577 433 673 464; x_wconf 89' lang='lat' dir='ltr'>modo</span> <span class='ocrx_word' id='word_1_27' title='bbox 696 432 868 474; x_wconf 82' lang='lat' dir='ltr'>quicquam</span> <span class='ocrx_word' id='word_1_28' title='bbox 891 432 1009 464; x_wconf 88' lang='lat' dir='ltr'>audeat</span> <span class='ocrx_word' id='word_1_29' title='bbox 1032 433 1221 473; x_wconf 81' lang='lat' dir='ltr'>extorquere</span> <span class='ocrx_word' id='word_1_30' title='bbox 1240 456 1246 462; x_wconf 87' lang='lat'><strong>.</strong></span> <span class='ocrx_word' id='word_1_31' title='bbox 1264 430 1320 462; x_wconf 88' lang='lat' dir='ltr'>sed</span> <span class='ocrx_word' id='word_1_32' title='bbox 1335 429 1393 462; x_wconf 83' lang='lat' dir='ltr'>hee</span> <span class='ocrx_word' id='word_1_33' title='bbox 1409 429 1518 461; x_wconf 89' lang='lat' dir='ltr'>omnia</span> <span class='ocrx_word' id='word_1_34' title='bbox 1539 428 1640 471; x_wconf 85' lang='lat' dir='ltr'>gratis</span> 
     </span>
     <span class='ocr_line' id='line_1_5' title="bbox 155 498 1639 545; baseline -0.004 -10"><span class='ocrx_word' id='word_1_35' title='bbox 155 502 244 535; x_wconf 87' lang='lat' dir='ltr'>vobis</span> <span class='ocrx_word' id='word_1_36' title='bbox 261 502 426 545; x_wconf 88' lang='lat' dir='ltr'>episcopus</span> <span class='ocrx_word' id='word_1_37' title='bbox 443 501 630 534; x_wconf 87' lang='lat' dir='ltr'>diocesanus</span> <span class='ocrx_word' id='word_1_38' title='bbox 645 501 822 544; x_wconf 84' lang='lat' dir='ltr'>impendat.</span> <span class='ocrx_word' id='word_1_39' title='bbox 869 500 1027 543; x_wconf 82' lang='lat' dir='ltr'>Alioquin</span> <span class='ocrx_word' id='word_1_40' title='bbox 1048 500 1143 532; x_wconf 83' lang='lat' dir='ltr'>liceat</span> <span class='ocrx_word' id='word_1_41' title='bbox 1166 499 1256 532; x_wconf 87' lang='lat' dir='ltr'>vobis</span> <span class='ocrx_word' id='word_1_42' title='bbox 1279 510 1512 541; x_wconf 73' lang='lat' dir='ltr'>quemeumque</span> <span class='ocrx_word' id='word_1_43' title='bbox 1535 498 1639 530; x_wconf 86' lang='lat' dir='ltr'>malu-</span> 
     </span>
     <span class='ocr_line' id='line_1_6' title="bbox 155 567 1640 613; baseline -0.003 -9"><span class='ocrx_word' id='word_1_44' title='bbox 155 572 243 604; x_wconf 82' lang='lat' dir='ltr'>eritis</span> <span class='ocrx_word' id='word_1_45' title='bbox 271 571 463 604; x_wconf 79' lang='lat' dir='ltr'>catholicum</span> <span class='ocrx_word' id='word_1_46' title='bbox 487 570 577 603; x_wconf 83' lang='lat' dir='ltr'>adire</span> <span class='ocrx_word' id='word_1_47' title='bbox 604 570 782 603; x_wconf 73' lang='lat' dir='ltr'>antistitem</span> <span class='ocrx_word' id='word_1_48' title='bbox 811 596 816 602; x_wconf 90' lang='lat'>.</span> <span class='ocrx_word' id='word_1_49' title='bbox 844 570 985 613; x_wconf 84' lang='lat' dir='ltr'>gratiam</span> <span class='ocrx_word' id='word_1_50' title='bbox 1013 572 1045 602; x_wconf 90' lang='lat' dir='ltr'>et</span> <span class='ocrx_word' id='word_1_51' title='bbox 1073 568 1331 601; x_wconf 77' lang='lat' dir='ltr'>communionem</span> <span class='ocrx_word' id='word_1_52' title='bbox 1358 567 1530 610; x_wconf 87' lang='lat' dir='ltr'>apostolice</span> <span class='ocrx_word' id='word_1_53' title='bbox 1557 567 1640 599; x_wconf 87' lang='lat' dir='ltr'>sedis</span> 
     </span>
     <span class='ocr_line' id='line_1_7' title="bbox 155 636 1641 683; baseline -0.003 -10"><span class='ocrx_word' id='word_1_54' title='bbox 155 640 330 673; x_wconf 77' lang='lat' dir='ltr'>habentem</span> <span class='ocrx_word' id='word_1_55' title='bbox 347 640 403 683; x_wconf 89' lang='lat' dir='ltr'>qui</span> <span class='ocrx_word' id='word_1_56' title='bbox 418 641 527 672; x_wconf 83' lang='lat' dir='ltr'>nostra</span> <span class='ocrx_word' id='word_1_57' title='bbox 544 639 647 672; x_wconf 79' lang='lat' dir='ltr'>fretus</span> <span class='ocrx_word' id='word_1_58' title='bbox 663 639 852 671; x_wconf 83' lang='lat' dir='ltr'>auctoritate</span> <span class='ocrx_word' id='word_1_59' title='bbox 871 666 876 671; x_wconf 86' lang='lat'><strong><em>.</em></strong></span> <span class='ocrx_word' id='word_1_60' title='bbox 895 638 985 671; x_wconf 84' lang='lat' dir='ltr'>vobis</span> <span class='ocrx_word' id='word_1_61' title='bbox 1006 638 1092 681; x_wconf 86' lang='lat' dir='ltr'>quod</span> <span class='ocrx_word' id='word_1_62' title='bbox 1114 638 1296 681; x_wconf 85' lang='lat' dir='ltr'>postulatur</span> <span class='ocrx_word' id='word_1_63' title='bbox 1319 637 1495 680; x_wconf 83' lang='lat' dir='ltr'>impendat.</span> <span class='ocrx_word' id='word_1_64' title='bbox 1545 636 1641 672; x_wconf 83' lang='lat' dir='ltr'>Quod</span> 
     </span>
     <span class='ocr_line' id='line_1_8' title="bbox 156 706 1642 751; baseline -0.003 -10"><span class='ocrx_word' id='word_1_65' title='bbox 156 709 182 743; x_wconf 90' lang='lat' dir='ltr'>si</span> <span class='ocrx_word' id='word_1_66' title='bbox 197 710 288 741; x_wconf 88' lang='lat' dir='ltr'>sedes</span> <span class='ocrx_word' id='word_1_67' title='bbox 303 709 464 741; x_wconf 75' lang='lat' dir='ltr'>diocesani</span> <span class='ocrx_word' id='word_1_68' title='bbox 479 708 619 751; x_wconf 79' lang='lat' dir='ltr'>episcopi</span> <span class='ocrx_word' id='word_1_69' title='bbox 635 708 718 741; x_wconf 79' lang='lat' dir='ltr'>forte</span> <span class='ocrx_word' id='word_1_70' title='bbox 740 708 900 740; x_wconf 88' lang='lat' dir='ltr'>vacaverit</span> <span class='ocrx_word' id='word_1_71' title='bbox 924 707 1054 740; x_wconf 86' lang='lat' dir='ltr'>interim</span> <span class='ocrx_word' id='word_1_72' title='bbox 1077 707 1187 739; x_wconf 89' lang='lat' dir='ltr'>omnia</span> <span class='ocrx_word' id='word_1_73' title='bbox 1210 706 1420 739; x_wconf 78' lang='lat' dir='ltr'>ecclesiastica</span> <span class='ocrx_word' id='word_1_74' title='bbox 1443 707 1642 738; x_wconf 83' lang='lat' dir='ltr'>sacramenta</span> 
     </span>
     <span class='ocr_line' id='line_1_9' title="bbox 158 775 1640 822; baseline -0.003 -11"><span class='ocrx_word' id='word_1_75' title='bbox 158 778 209 822; x_wconf 85' lang='lat' dir='ltr'>[a]</span> <span class='ocrx_word' id='word_1_76' title='bbox 228 778 342 811; x_wconf 85' lang='lat' dir='ltr'>vicinis</span> <span class='ocrx_word' id='word_1_77' title='bbox 365 778 520 821; x_wconf 88' lang='lat' dir='ltr'>episcopis</span> <span class='ocrx_word' id='word_1_78' title='bbox 543 778 684 820; x_wconf 83' lang='lat' dir='ltr'>accipere</span> <span class='ocrx_word' id='word_1_79' title='bbox 708 777 806 809; x_wconf 88' lang='lat' dir='ltr'>libere</span> <span class='ocrx_word' id='word_1_80' title='bbox 823 780 855 809; x_wconf 92' lang='lat' dir='ltr'>et</span> <span class='ocrx_word' id='word_1_81' title='bbox 871 777 990 820; x_wconf 84' lang='lat' dir='ltr'>absque</span> <span class='ocrx_word' id='word_1_82' title='bbox 1007 776 1258 809; x_wconf 79' lang='lat' dir='ltr'>contradictione</span> <span class='ocrx_word' id='word_1_83' title='bbox 1275 776 1402 819; x_wconf 85' lang='lat' dir='ltr'>possitis</span> <span class='ocrx_word' id='word_1_84' title='bbox 1418 775 1461 807; x_wconf 78' lang='lat' dir='ltr'>sic</span> <span class='ocrx_word' id='word_1_85' title='bbox 1477 778 1587 807; x_wconf 85' lang='lat' dir='ltr'>tamen</span> <span class='ocrx_word' id='word_1_86' title='bbox 1602 777 1640 807; x_wconf 88' lang='lat' dir='ltr'>ut</span> 
     </span>
     <span class='ocr_line' id='line_1_10' title="bbox 156 845 1641 890; baseline -0.003 -10"><span class='ocrx_word' id='word_1_87' title='bbox 156 859 197 881; x_wconf 83' lang='lat' dir='ltr'>ex</span> <span class='ocrx_word' id='word_1_88' title='bbox 219 847 279 880; x_wconf 79' lang='lat' dir='ltr'>hoo</span> <span class='ocrx_word' id='word_1_89' title='bbox 300 847 336 879; x_wconf 88' lang='lat' dir='ltr'>in</span> <span class='ocrx_word' id='word_1_90' title='bbox 356 849 520 890; x_wconf 87' lang='lat' dir='ltr'>posterum</span> <span class='ocrx_word' id='word_1_91' title='bbox 536 847 673 890; x_wconf 85' lang='lat' dir='ltr'>propriis</span> <span class='ocrx_word' id='word_1_92' title='bbox 689 847 843 889; x_wconf 65' lang='lat' dir='ltr'>episcopis</span> <span class='ocrx_word' id='word_1_93' title='bbox 859 847 986 879; x_wconf 86' lang='lat' dir='ltr'>nullum</span> <span class='ocrx_word' id='word_1_94' title='bbox 1002 846 1218 889; x_wconf 81' lang='lat' dir='ltr'>prejudicimn</span> <span class='ocrx_word' id='word_1_95' title='bbox 1234 847 1416 888; x_wconf 77' lang='lat' dir='ltr'>generetur.</span> <span class='ocrx_word' id='word_1_96' title='bbox 1465 845 1551 880; x_wconf 79' lang='lat' dir='ltr'>Quia</span> <span class='ocrx_word' id='word_1_97' title='bbox 1567 856 1641 877; x_wconf 89' lang='lat' dir='ltr'>vero</span> 
     </span>
     <span class='ocr_line' id='line_1_11' title="bbox 157 914 1641 960; baseline -0.003 -11"><span class='ocrx_word' id='word_1_98' title='bbox 157 918 321 950; x_wconf 86' lang='lat' dir='ltr'>interdum</span> <span class='ocrx_word' id='word_1_99' title='bbox 337 916 541 960; x_wconf 87' lang='lat' dir='ltr'>propriorum</span> <span class='ocrx_word' id='word_1_100' title='bbox 556 917 776 959; x_wconf 87' lang='lat' dir='ltr'>episcoporum</span> <span class='ocrx_word' id='word_1_101' title='bbox 793 916 917 959; x_wconf 82' lang='lat' dir='ltr'>copiam</span> <span class='ocrx_word' id='word_1_102' title='bbox 929 927 994 948; x_wconf 89' lang='lat' dir='ltr'>non</span> <span class='ocrx_word' id='word_1_103' title='bbox 1006 915 1133 948; x_wconf 89' lang='lat' dir='ltr'>habetis</span> <span class='ocrx_word' id='word_1_104' title='bbox 1145 915 1172 948; x_wconf 87' lang='lat' dir='ltr'>si</span> <span class='ocrx_word' id='word_1_105' title='bbox 1184 926 1280 957; x_wconf 89' lang='lat' dir='ltr'>quem</span> <span class='ocrx_word' id='word_1_106' title='bbox 1292 915 1476 957; x_wconf 86' lang='lat' dir='ltr'>episcopum</span> <span class='ocrx_word' id='word_1_107' title='bbox 1490 914 1641 946; x_wconf 71' lang='lat' dir='ltr'>ROMANE</span> 
     </span>
     <span class='ocr_line' id='line_1_12' title="bbox 158 982 1640 1027; baseline -0.002 -9"><span class='ocrx_word' id='word_1_108' title='bbox 158 986 241 1019; x_wconf 86' lang='lat' dir='ltr'>seclis</span> <span class='ocrx_word' id='word_1_109' title='bbox 256 988 294 1018; x_wconf 88' lang='lat' dir='ltr'>ut</span> <span class='ocrx_word' id='word_1_110' title='bbox 308 986 451 1018; x_wconf 83' lang='lat' dir='ltr'>diximus</span> <span class='ocrx_word' id='word_1_111' title='bbox 467 986 725 1018; x_wconf 86' lang='lat' dir='ltr'>communionem</span> <span class='ocrx_word' id='word_1_112' title='bbox 747 985 920 1017; x_wconf 81' lang='lat' dir='ltr'>habentem</span> <span class='ocrx_word' id='word_1_113' title='bbox 940 1011 945 1016; x_wconf 93' lang='lat'>.</span> <span class='ocrx_word' id='word_1_114' title='bbox 965 987 996 1016; x_wconf 88' lang='lat' dir='ltr'>et</span> <span class='ocrx_word' id='word_1_115' title='bbox 1012 985 1051 1016; x_wconf 89' lang='lat' dir='ltr'>de</span> <span class='ocrx_word' id='word_1_116' title='bbox 1068 995 1131 1027; x_wconf 90' lang='lat' dir='ltr'>quo</span> <span class='ocrx_word' id='word_1_117' title='bbox 1146 983 1277 1026; x_wconf 82' lang='lat' dir='ltr'>plenam</span> <span class='ocrx_word' id='word_1_118' title='bbox 1298 983 1451 1016; x_wconf 77' lang='lat' dir='ltr'>noticiam</span> <span class='ocrx_word' id='word_1_119' title='bbox 1472 982 1617 1015; x_wconf 77' lang='lat' dir='ltr'>babeatis</span> <span class='ocrx_word' id='word_1_120' title='bbox 1633 1009 1640 1015; x_wconf 90' lang='lat'>.</span> 
     </span>
     <span class='ocr_line' id='line_1_13' title="bbox 157 1052 1643 1098; baseline -0.003 -10"><span class='ocrx_word' id='word_1_121' title='bbox 157 1067 215 1098; x_wconf 89' lang='lat' dir='ltr'>per</span> <span class='ocrx_word' id='word_1_122' title='bbox 228 1067 285 1088; x_wconf 85' lang='lat' dir='ltr'>vos</span> <span class='ocrx_word' id='word_1_123' title='bbox 300 1055 438 1088; x_wconf 86' lang='lat' dir='ltr'>transire</span> <span class='ocrx_word' id='word_1_124' title='bbox 454 1055 625 1098; x_wconf 85' lang='lat' dir='ltr'>contigerit</span> <span class='ocrx_word' id='word_1_125' title='bbox 641 1054 682 1087; x_wconf 87' lang='lat' dir='ltr'>ab</span> <span class='ocrx_word' id='word_1_126' title='bbox 698 1066 734 1087; x_wconf 84' lang='lat' dir='ltr'>eo</span> <span class='ocrx_word' id='word_1_127' title='bbox 751 1054 989 1086; x_wconf 72' lang='lat' dir='ltr'>benedictiones</span> <span class='ocrx_word' id='word_1_128' title='bbox 1005 1064 1153 1085; x_wconf 82' lang='lat' dir='ltr'>vasorum</span> <span class='ocrx_word' id='word_1_129' title='bbox 1170 1056 1202 1084; x_wconf 82' lang='lat' dir='ltr'>et</span> <span class='ocrx_word' id='word_1_130' title='bbox 1218 1052 1356 1084; x_wconf 83' lang='lat' dir='ltr'>vestium</span> <span class='ocrx_word' id='word_1_131' title='bbox 1371 1078 1376 1083; x_wconf 95' lang='lat'>.</span> <span class='ocrx_word' id='word_1_132' title='bbox 1392 1052 1643 1084; x_wconf 77' lang='lat' dir='ltr'>consecrationes</span> 
     </span>
     <span class='ocr_line' id='line_1_14' title="bbox 158 1111 1639 1165; baseline -0.003 -8"><span class='ocrx_word' id='word_1_133' title='bbox 158 1124 310 1157; x_wconf 82' lang='lat' dir='ltr'>altarium</span> <span class='ocrx_word' id='word_1_134' title='bbox 329 1150 335 1156; x_wconf 94' lang='lat'>.</span> <span class='ocrx_word' id='word_1_135' title='bbox 354 1124 572 1157; x_wconf 82' lang='lat' dir='ltr'>ordinationes</span> <span class='ocrx_word' id='word_1_136' title='bbox 586 1123 816 1156; x_wconf 73' lang='lat' dir='ltr'>monachorum</span> <span class='ocrx_word' id='word_1_137' title='bbox 833 1123 1023 1155; x_wconf 68' lang='lat' dir='ltr'>auctoritate</span> <span class='ocrx_word' id='word_1_138' title='bbox 1040 1122 1211 1165; x_wconf 77' lang='lat' dir='ltr'>apostolice</span> <span class='ocrx_word' id='word_1_139' title='bbox 1227 1111 1311 1154; x_wconf 86' lang='lat' dir='ltr'>sedis</span> <span class='ocrx_word' id='word_1_140' title='bbox 1328 1122 1466 1163; x_wconf 79' lang='lat' dir='ltr'>recipere</span> <span class='ocrx_word' id='word_1_141' title='bbox 1484 1121 1616 1153; x_wconf 84' lang='lat' dir='ltr'>valeatis</span> <span class='ocrx_word' id='word_1_142' title='bbox 1633 1148 1639 1153; x_wconf 89' lang='lat'>.</span> 
     </span>
     <span class='ocr_line' id='line_1_15' title="bbox 160 1190 1643 1237; baseline -0.003 -11"><span class='ocrx_word' id='word_1_143' title='bbox 160 1194 260 1227; x_wconf 85' lang='lat' dir='ltr'>Porro</span> <span class='ocrx_word' id='word_1_144' title='bbox 278 1194 304 1226; x_wconf 88' lang='lat' dir='ltr'>si</span> <span class='ocrx_word' id='word_1_145' title='bbox 320 1193 459 1237; x_wconf 85' lang='lat' dir='ltr'>episcopi</span> <span class='ocrx_word' id='word_1_146' title='bbox 475 1193 527 1225; x_wconf 86' lang='lat' dir='ltr'>vel</span> <span class='ocrx_word' id='word_1_147' title='bbox 541 1193 597 1225; x_wconf 84' lang='lat' dir='ltr'>alii</span> <span class='ocrx_word' id='word_1_148' title='bbox 613 1193 817 1225; x_wconf 86' lang='lat' dir='ltr'>ecclesiarum</span> <span class='ocrx_word' id='word_1_149' title='bbox 833 1194 970 1224; x_wconf 79' lang='lat' dir='ltr'>rectores</span> <span class='ocrx_word' id='word_1_150' title='bbox 982 1192 1016 1224; x_wconf 93' lang='lat' dir='ltr'>in</span> <span class='ocrx_word' id='word_1_151' title='bbox 1030 1191 1263 1223; x_wconf 78' lang='lat' dir='ltr'>monasten&#39;um</span> <span class='ocrx_word' id='word_1_152' title='bbox 1277 1192 1417 1222; x_wconf 87' lang='lat' dir='ltr'>vestrum</span> <span class='ocrx_word' id='word_1_153' title='bbox 1430 1190 1481 1222; x_wconf 83' lang='lat' dir='ltr'>vel</span> <span class='ocrx_word' id='word_1_154' title='bbox 1493 1201 1643 1232; x_wconf 77' lang='lat' dir='ltr'>personas</span> 
     </span>
     <span class='ocr_line' id='line_1_16' title="bbox 159 1259 1642 1305; baseline -0.003 -10"><span class='ocrx_word' id='word_1_155' title='bbox 159 1263 240 1295; x_wconf 89' lang='lat' dir='ltr'>inibi</span> <span class='ocrx_word' id='word_1_156' title='bbox 262 1263 452 1295; x_wconf 83' lang='lat' dir='ltr'>constitutas</span> <span class='ocrx_word' id='word_1_157' title='bbox 475 1263 692 1305; x_wconf 82' lang='lat' dir='ltr'>suspensionis</span> <span class='ocrx_word' id='word_1_158' title='bbox 710 1289 715 1293; x_wconf 93' lang='lat'>.</span> <span class='ocrx_word' id='word_1_159' title='bbox 734 1261 1074 1294; x_wconf 78' lang='lat' dir='ltr'>excommunicationis</span> <span class='ocrx_word' id='word_1_160' title='bbox 1098 1261 1149 1292; x_wconf 83' lang='lat' dir='ltr'>vel</span> <span class='ocrx_word' id='word_1_161' title='bbox 1171 1259 1336 1292; x_wconf 75' lang='lat' dir='ltr'>interdicti</span> <span class='ocrx_word' id='word_1_162' title='bbox 1355 1259 1549 1291; x_wconf 84' lang='lat' dir='ltr'>sententiam</span> <span class='ocrx_word' id='word_1_163' title='bbox 1570 1270 1642 1301; x_wconf 91' lang='lat' dir='ltr'>pro-</span> 
     </span>
     <span class='ocr_line' id='line_1_17' title="bbox 160 1328 1645 1375; baseline -0.003 -11"><span class='ocrx_word' id='word_1_164' title='bbox 160 1332 355 1375; x_wconf 83' lang='lat' dir='ltr'>mulgaverit</span> <span class='ocrx_word' id='word_1_165' title='bbox 373 1359 378 1364; x_wconf 95' lang='lat'>.</span> <span class='ocrx_word' id='word_1_166' title='bbox 397 1332 463 1364; x_wconf 85' lang='lat' dir='ltr'>sive</span> <span class='ocrx_word' id='word_1_167' title='bbox 479 1332 577 1364; x_wconf 88' lang='lat' dir='ltr'>etiam</span> <span class='ocrx_word' id='word_1_168' title='bbox 592 1332 627 1363; x_wconf 91' lang='lat' dir='ltr'>in</span> <span class='ocrx_word' id='word_1_169' title='bbox 643 1332 878 1363; x_wconf 74' lang='lat' dir='ltr'>me1·‹·en11arios</span> <span class='ocrx_word' id='word_1_170' title='bbox 895 1334 1015 1363; x_wconf 81' lang='lat' dir='ltr'>vestros</span> <span class='ocrx_word' id='word_1_171' title='bbox 1031 1341 1088 1372; x_wconf 90' lang='lat' dir='ltr'>pro</span> <span class='ocrx_word' id='word_1_172' title='bbox 1109 1341 1146 1362; x_wconf 85' lang='lat' dir='ltr'>eo</span> <span class='ocrx_word' id='word_1_173' title='bbox 1167 1329 1253 1372; x_wconf 87' lang='lat' dir='ltr'>quod</span> <span class='ocrx_word' id='word_1_174' title='bbox 1274 1329 1413 1360; x_wconf 73' lang='lat' dir='ltr'>decimas</span> <span class='ocrx_word' id='word_1_175' title='bbox 1434 1340 1498 1359; x_wconf 80' lang='lat' dir='ltr'>non</span> <span class='ocrx_word' id='word_1_176' title='bbox 1520 1328 1645 1360; x_wconf 72' lang='lat' dir='ltr'>solvitis</span> 
     </span>
     <span class='ocr_line' id='line_1_18' title="bbox 161 1396 1640 1443; baseline -0.003 -10"><span class='ocrx_word' id='word_1_177' title='bbox 161 1401 226 1433; x_wconf 82' lang='lat' dir='ltr'>sive</span> <span class='ocrx_word' id='word_1_178' title='bbox 251 1401 360 1443; x_wconf 89' lang='lat' dir='ltr'>aliqua</span> <span class='ocrx_word' id='word_1_179' title='bbox 385 1400 547 1433; x_wconf 82' lang='lat' dir='ltr'>occasione</span> <span class='ocrx_word' id='word_1_180' title='bbox 568 1412 678 1433; x_wconf 88' lang='lat' dir='ltr'>eorum</span> <span class='ocrx_word' id='word_1_181' title='bbox 702 1412 764 1442; x_wconf 84' lang='lat' dir='ltr'>quc</span> <span class='ocrx_word' id='word_1_182' title='bbox 787 1399 827 1432; x_wconf 86' lang='lat' dir='ltr'>ab</span> <span class='ocrx_word' id='word_1_183' title='bbox 851 1399 1024 1442; x_wconf 85' lang='lat' dir='ltr'>apostolica</span> <span class='ocrx_word' id='word_1_184' title='bbox 1046 1398 1249 1441; x_wconf 83' lang='lat' dir='ltr'>benignitate</span> <span class='ocrx_word' id='word_1_185' title='bbox 1275 1396 1364 1430; x_wconf 81' lang='lat' dir='ltr'>vobis</span> <span class='ocrx_word' id='word_1_186' title='bbox 1387 1397 1515 1429; x_wconf 81' lang='lat' dir='ltr'>indulta</span> <span class='ocrx_word' id='word_1_187' title='bbox 1539 1400 1614 1429; x_wconf 88' lang='lat' dir='ltr'>sunt</span> <span class='ocrx_word' id='word_1_188' title='bbox 1635 1424 1640 1429; x_wconf 91' lang='lat'><em>.</em></span> 
     </span>
     <span class='ocr_line' id='line_1_19' title="bbox 161 1465 1643 1512; baseline -0.003 -10"><span class='ocrx_word' id='word_1_189' title='bbox 161 1481 217 1502; x_wconf 86' lang='lat' dir='ltr'>seu</span> <span class='ocrx_word' id='word_1_190' title='bbox 246 1469 465 1502; x_wconf 83' lang='lat' dir='ltr'>benefactores</span> <span class='ocrx_word' id='word_1_191' title='bbox 494 1471 615 1502; x_wconf 85' lang='lat' dir='ltr'>vestros</span> <span class='ocrx_word' id='word_1_192' title='bbox 645 1481 702 1512; x_wconf 83' lang='lat' dir='ltr'>pro</span> <span class='ocrx_word' id='word_1_193' title='bbox 734 1481 770 1501; x_wconf 77' lang='lat' dir='ltr'>eo</span> <span class='ocrx_word' id='word_1_194' title='bbox 802 1469 888 1511; x_wconf 82' lang='lat' dir='ltr'>quod</span> <span class='ocrx_word' id='word_1_195' title='bbox 918 1469 1027 1510; x_wconf 83' lang='lat' dir='ltr'>aliqua</span> <span class='ocrx_word' id='word_1_196' title='bbox 1052 1467 1141 1499; x_wconf 86' lang='lat' dir='ltr'>vobis</span> <span class='ocrx_word' id='word_1_197' title='bbox 1165 1466 1319 1499; x_wconf 78' lang='lat' dir='ltr'>beneficia</span> <span class='ocrx_word' id='word_1_198' title='bbox 1349 1467 1400 1498; x_wconf 86' lang='lat' dir='ltr'>vel</span> <span class='ocrx_word' id='word_1_199' title='bbox 1421 1465 1573 1508; x_wconf 81' lang='lat' dir='ltr'>obsequia</span> <span class='ocrx_word' id='word_1_200' title='bbox 1603 1478 1643 1498; x_wconf 83' lang='lat' dir='ltr'>ex</span> 
     </span>
     <span class='ocr_line' id='line_1_20' title="bbox 162 1535 1642 1582; baseline -0.002 -11"><span class='ocrx_word' id='word_1_201' title='bbox 162 1539 292 1571; x_wconf 85' lang='lat' dir='ltr'>caritate</span> <span class='ocrx_word' id='word_1_202' title='bbox 316 1538 516 1582; x_wconf 83' lang='lat' dir='ltr'>prestiterint</span> <span class='ocrx_word' id='word_1_203' title='bbox 534 1565 539 1570; x_wconf 97' lang='lat'>.</span> <span class='ocrx_word' id='word_1_204' title='bbox 557 1539 609 1570; x_wconf 85' lang='lat' dir='ltr'>vel</span> <span class='ocrx_word' id='word_1_205' title='bbox 632 1539 673 1570; x_wconf 90' lang='lat' dir='ltr'>ad</span> <span class='ocrx_word' id='word_1_206' title='bbox 696 1538 910 1570; x_wconf 76' lang='lat' dir='ltr'>laborandum</span> <span class='ocrx_word' id='word_1_207' title='bbox 935 1537 1122 1580; x_wconf 82' lang='lat' dir='ltr'>adjuverint</span> <span class='ocrx_word' id='word_1_208' title='bbox 1138 1537 1172 1568; x_wconf 90' lang='lat' dir='ltr'>in</span> <span class='ocrx_word' id='word_1_209' title='bbox 1188 1536 1252 1568; x_wconf 82' lang='lat' dir='ltr'>illis</span> <span class='ocrx_word' id='word_1_210' title='bbox 1276 1535 1387 1568; x_wconf 83' lang='lat' dir='ltr'>diebus</span> <span class='ocrx_word' id='word_1_211' title='bbox 1404 1535 1438 1567; x_wconf 90' lang='lat' dir='ltr'>in</span> <span class='ocrx_word' id='word_1_212' title='bbox 1455 1535 1571 1577; x_wconf 81' lang='lat' dir='ltr'>quibus</span> <span class='ocrx_word' id='word_1_213' title='bbox 1587 1547 1642 1568; x_wconf 89' lang='lat' dir='ltr'>vos</span> 
     </span>
     <span class='ocr_line' id='line_1_21' title="bbox 160 1605 1642 1649; baseline -0.003 -9"><span class='ocrx_word' id='word_1_214' title='bbox 160 1608 312 1641; x_wconf 86' lang='lat' dir='ltr'>laboratis</span> <span class='ocrx_word' id='word_1_215' title='bbox 328 1610 360 1640; x_wconf 90' lang='lat' dir='ltr'>et</span> <span class='ocrx_word' id='word_1_216' title='bbox 376 1608 431 1640; x_wconf 87' lang='lat' dir='ltr'>alii</span> <span class='ocrx_word' id='word_1_217' title='bbox 447 1608 606 1640; x_wconf 79' lang='lat' dir='ltr'>feriantur</span> <span class='ocrx_word' id='word_1_218' title='bbox 622 1608 757 1639; x_wconf 84' lang='lat' dir='ltr'>eandem</span> <span class='ocrx_word' id='word_1_219' title='bbox 774 1608 968 1640; x_wconf 83' lang='lat' dir='ltr'>sententiam</span> <span class='ocrx_word' id='word_1_220' title='bbox 984 1606 1178 1649; x_wconf 82' lang='lat' dir='ltr'>protulerint</span> <span class='ocrx_word' id='word_1_221' title='bbox 1195 1632 1201 1637; x_wconf 90' lang='lat'><em>.</em></span> <span class='ocrx_word' id='word_1_222' title='bbox 1219 1605 1323 1647; x_wconf 87' lang='lat' dir='ltr'>ipsam</span> <span class='ocrx_word' id='word_1_223' title='bbox 1341 1606 1509 1647; x_wconf 82' lang='lat' dir='ltr'>tamquam</span> <span class='ocrx_word' id='word_1_224' title='bbox 1533 1608 1642 1636; x_wconf 86' lang='lat' dir='ltr'>contra</span> 
     </span>
     <span class='ocr_line' id='line_1_22' title="bbox 161 1674 1641 1720; baseline -0.003 -10"><span class='ocrx_word' id='word_1_225' title='bbox 161 1677 243 1710; x_wconf 85' lang='lat' dir='ltr'>sedis</span> <span class='ocrx_word' id='word_1_226' title='bbox 259 1677 430 1720; x_wconf 85' lang='lat' dir='ltr'>apostolice</span> <span class='ocrx_word' id='word_1_227' title='bbox 445 1677 575 1709; x_wconf 86' lang='lat' dir='ltr'>indulta</span> <span class='ocrx_word' id='word_1_228' title='bbox 590 1677 749 1719; x_wconf 79' lang='lat' dir='ltr'>prolatam</span> <span class='ocrx_word' id='word_1_229' title='bbox 765 1678 918 1708; x_wconf 79' lang='lat' dir='ltr'>duximus</span> <span class='ocrx_word' id='word_1_230' title='bbox 936 1676 1129 1708; x_wconf 74' lang='lat' dir='ltr'>irritandam</span> <span class='ocrx_word' id='word_1_231' title='bbox 1147 1701 1153 1707; x_wconf 89' lang='lat'>.</span> <span class='ocrx_word' id='word_1_232' title='bbox 1171 1686 1229 1707; x_wconf 87' lang='lat' dir='ltr'>nec</span> <span class='ocrx_word' id='word_1_233' title='bbox 1250 1675 1357 1707; x_wconf 88' lang='lat' dir='ltr'>littere</span> <span class='ocrx_word' id='word_1_234' title='bbox 1378 1675 1433 1706; x_wconf 86' lang='lat' dir='ltr'>ille</span> <span class='ocrx_word' id='word_1_235' title='bbox 1454 1674 1641 1705; x_wconf 83' lang='lat' dir='ltr'>firmitatem</span> 
     </span>
     <span class='ocr_line' id='line_1_23' title="bbox 162 1743 1642 1789; baseline -0.003 -11"><span class='ocrx_word' id='word_1_236' title='bbox 162 1746 302 1779; x_wconf 83' lang='lat' dir='ltr'>habeant</span> <span class='ocrx_word' id='word_1_237' title='bbox 325 1758 404 1789; x_wconf 85' lang='lat' dir='ltr'>quas</span> <span class='ocrx_word' id='word_1_238' title='bbox 425 1746 523 1779; x_wconf 85' lang='lat' dir='ltr'>tacito</span> <span class='ocrx_word' id='word_1_239' title='bbox 546 1746 677 1778; x_wconf 89' lang='lat' dir='ltr'>nomine</span> <span class='ocrx_word' id='word_1_240' title='bbox 700 1745 952 1778; x_wconf 62' lang='lat' dir='ltr'>Oxsrmzcnmsxs</span> <span class='ocrx_word' id='word_1_241' title='bbox 976 1744 1120 1777; x_wconf 85' lang='lat' dir='ltr'>ordinis.</span> <span class='ocrx_word' id='word_1_242' title='bbox 1138 1746 1171 1776; x_wconf 89' lang='lat' dir='ltr'>et</span> <span class='ocrx_word' id='word_1_243' title='bbox 1194 1746 1305 1776; x_wconf 86' lang='lat' dir='ltr'>eontra</span> <span class='ocrx_word' id='word_1_244' title='bbox 1325 1745 1469 1775; x_wconf 86' lang='lat' dir='ltr'>tenorem</span> <span class='ocrx_word' id='word_1_245' title='bbox 1493 1743 1642 1785; x_wconf 77' lang='lat' dir='ltr'>apostoli-</span> 
     </span>
     <span class='ocr_line' id='line_1_24' title="bbox 163 1811 1643 1858; baseline -0.004 -10"><span class='ocrx_word' id='word_1_246' title='bbox 163 1827 272 1848; x_wconf 84' lang='lat' dir='ltr'>corum</span> <span class='ocrx_word' id='word_1_247' title='bbox 294 1815 538 1858; x_wconf 82' lang='lat' dir='ltr'>privilegiorum</span> <span class='ocrx_word' id='word_1_248' title='bbox 559 1815 738 1847; x_wconf 84' lang='lat' dir='ltr'>constiterit</span> <span class='ocrx_word' id='word_1_249' title='bbox 758 1815 934 1858; x_wconf 82' lang='lat' dir='ltr'>impetrari.</span> <span class='ocrx_word' id='word_1_250' title='bbox 981 1813 1058 1845; x_wconf 85' lang='lat' dir='ltr'>Paci</span> <span class='ocrx_word' id='word_1_251' title='bbox 1082 1824 1210 1855; x_wconf 89' lang='lat' dir='ltr'>quoque</span> <span class='ocrx_word' id='word_1_252' title='bbox 1233 1815 1265 1844; x_wconf 81' lang='lat' dir='ltr'>et</span> <span class='ocrx_word' id='word_1_253' title='bbox 1286 1811 1517 1854; x_wconf 83' lang='lat' dir='ltr'>tranquillitati</span> <span class='ocrx_word' id='word_1_254' title='bbox 1541 1814 1643 1843; x_wconf 78' lang='lat' dir='ltr'>vestre</span> 
     </span>
     <span class='ocr_line' id='line_1_25' title="bbox 161 1881 1644 1928; baseline -0.003 -11"><span class='ocrx_word' id='word_1_255' title='bbox 161 1887 297 1928; x_wconf 86' lang='lat' dir='ltr'>paterna</span> <span class='ocrx_word' id='word_1_256' title='bbox 332 1885 542 1926; x_wconf 89' lang='lat' dir='ltr'>imposterum</span> <span class='ocrx_word' id='word_1_257' title='bbox 577 1884 793 1916; x_wconf 86' lang='lat' dir='ltr'>sollicitudine</span> <span class='ocrx_word' id='word_1_258' title='bbox 829 1883 996 1926; x_wconf 74' lang='lat' dir='ltr'>providere</span> <span class='ocrx_word' id='word_1_259' title='bbox 1031 1882 1174 1915; x_wconf 83' lang='lat' dir='ltr'>volentes</span> <span class='ocrx_word' id='word_1_260' title='bbox 1207 1908 1212 1913; x_wconf 92' lang='lat'><em>.</em></span> <span class='ocrx_word' id='word_1_261' title='bbox 1246 1881 1436 1913; x_wconf 84' lang='lat' dir='ltr'>auctoritate</span> <span class='ocrx_word' id='word_1_262' title='bbox 1472 1881 1644 1922; x_wconf 74' lang='lat' dir='ltr'>apostolica</span> 
     </span>
     <span class='ocr_line' id='line_1_26' title="bbox 161 1950 1644 1997; baseline -0.003 -11"><span class='ocrx_word' id='word_1_263' title='bbox 161 1953 368 1997; x_wconf 86' lang='lat' dir='ltr'>prohibemus</span> <span class='ocrx_word' id='word_1_264' title='bbox 383 1956 421 1985; x_wconf 90' lang='lat' dir='ltr'>ut</span> <span class='ocrx_word' id='word_1_265' title='bbox 435 1953 522 1985; x_wconf 81' lang='lat' dir='ltr'>infra</span> <span class='ocrx_word' id='word_1_266' title='bbox 538 1953 701 1986; x_wconf 85' lang='lat' dir='ltr'>clausuras</span> <span class='ocrx_word' id='word_1_267' title='bbox 716 1954 858 1985; x_wconf 86' lang='lat' dir='ltr'>locorum</span> <span class='ocrx_word' id='word_1_268' title='bbox 875 1964 931 1985; x_wconf 86' lang='lat' dir='ltr'>seu</span> <span class='ocrx_word' id='word_1_269' title='bbox 947 1952 1159 1995; x_wconf 81' lang='lat' dir='ltr'>grangiarum</span> <span class='ocrx_word' id='word_1_270' title='bbox 1175 1954 1354 1983; x_wconf 81' lang='lat' dir='ltr'>vestrarum</span> <span class='ocrx_word' id='word_1_271' title='bbox 1370 1950 1479 1981; x_wconf 66' lang='lat' dir='ltr'>nullus</span> <span class='ocrx_word' id='word_1_272' title='bbox 1495 1950 1644 1993; x_wconf 85' lang='lat' dir='ltr'>rapinam</span> 
     </span>
     <span class='ocr_line' id='line_1_27' title="bbox 163 2019 1645 2065; baseline -0.003 -11"><span class='ocrx_word' id='word_1_273' title='bbox 163 2035 219 2055; x_wconf 81' lang='lat' dir='ltr'>seu</span> <span class='ocrx_word' id='word_1_274' title='bbox 245 2023 372 2054; x_wconf 84' lang='lat' dir='ltr'>furtum</span> <span class='ocrx_word' id='word_1_275' title='bbox 398 2022 503 2054; x_wconf 79' lang='lat' dir='ltr'>facere</span> <span class='ocrx_word' id='word_1_276' title='bbox 529 2048 534 2054; x_wconf 95' lang='lat'>.</span> <span class='ocrx_word' id='word_1_277' title='bbox 560 2022 672 2065; x_wconf 86' lang='lat' dir='ltr'>ignem</span> <span class='ocrx_word' id='word_1_278' title='bbox 699 2033 858 2065; x_wconf 86' lang='lat' dir='ltr'>apponere</span> <span class='ocrx_word' id='word_1_279' title='bbox 887 2048 892 2053; x_wconf 97' lang='lat'>.</span> <span class='ocrx_word' id='word_1_280' title='bbox 919 2021 1112 2063; x_wconf 82' lang='lat' dir='ltr'>sanguinem</span> <span class='ocrx_word' id='word_1_281' title='bbox 1140 2020 1276 2052; x_wconf 84' lang='lat' dir='ltr'>fundere</span> <span class='ocrx_word' id='word_1_282' title='bbox 1302 2046 1308 2051; x_wconf 94' lang='lat'>.</span> <span class='ocrx_word' id='word_1_283' title='bbox 1333 2019 1498 2051; x_wconf 82' lang='lat' dir='ltr'>hominem</span> <span class='ocrx_word' id='word_1_284' title='bbox 1526 2022 1645 2051; x_wconf 88' lang='lat' dir='ltr'>temere</span> 
     </span>
     <span class='ocr_line' id='line_1_28' title="bbox 161 2087 1645 2134; baseline -0.003 -10"><span class='ocrx_word' id='word_1_285' title='bbox 161 2103 273 2134; x_wconf 88' lang='lat' dir='ltr'>capere</span> <span class='ocrx_word' id='word_1_286' title='bbox 289 2091 340 2124; x_wconf 88' lang='lat' dir='ltr'>vel</span> <span class='ocrx_word' id='word_1_287' title='bbox 355 2091 533 2123; x_wconf 83' lang='lat' dir='ltr'>interficere</span> <span class='ocrx_word' id='word_1_288' title='bbox 550 2103 604 2123; x_wconf 90' lang='lat' dir='ltr'>seu</span> <span class='ocrx_word' id='word_1_289' title='bbox 620 2091 809 2123; x_wconf 86' lang='lat' dir='ltr'>violentiam</span> <span class='ocrx_word' id='word_1_290' title='bbox 833 2091 950 2122; x_wconf 83' lang='lat' dir='ltr'>audeat</span> <span class='ocrx_word' id='word_1_291' title='bbox 973 2101 1127 2122; x_wconf 75' lang='lat' dir='ltr'>exercere.</span> <span class='ocrx_word' id='word_1_292' title='bbox 1176 2088 1326 2120; x_wconf 84' lang='lat' dir='ltr'>Preterea</span> <span class='ocrx_word' id='word_1_293' title='bbox 1351 2099 1461 2120; x_wconf 87' lang='lat' dir='ltr'>omnes</span> <span class='ocrx_word' id='word_1_294' title='bbox 1482 2087 1645 2120; x_wconf 84' lang='lat' dir='ltr'>libertates</span> 
     </span>
     <span class='ocr_line' id='line_1_29' title="bbox 163 2157 1644 2202; baseline -0.003 -10"><span class='ocrx_word' id='word_1_295' title='bbox 163 2163 196 2193; x_wconf 90' lang='lat' dir='ltr'>et</span> <span class='ocrx_word' id='word_1_296' title='bbox 210 2160 432 2193; x_wconf 87' lang='lat' dir='ltr'>immunitates</span> <span class='ocrx_word' id='word_1_297' title='bbox 448 2171 467 2191; x_wconf 87' lang='lat' dir='ltr'>a</span> <span class='ocrx_word' id='word_1_298' title='bbox 481 2159 754 2202; x_wconf 85' lang='lat' dir='ltr'>predecessoribus</span> <span class='ocrx_word' id='word_1_299' title='bbox 769 2160 886 2191; x_wconf 78' lang='lat' dir='ltr'>nostris</span> <span class='ocrx_word' id='word_1_300' title='bbox 930 2159 1091 2192; x_wconf 73' lang='lat' dir='ltr'><strong>ROMANIS</strong></span> <span class='ocrx_word' id='word_1_301' title='bbox 1106 2157 1313 2200; x_wconf 85' lang='lat' dir='ltr'>pontificibus</span> <span class='ocrx_word' id='word_1_302' title='bbox 1329 2157 1435 2189; x_wconf 84' lang='lat' dir='ltr'>ordini</span> <span class='ocrx_word' id='word_1_303' title='bbox 1452 2159 1555 2189; x_wconf 82' lang='lat' dir='ltr'>vestro</span> <span class='ocrx_word' id='word_1_304' title='bbox 1573 2169 1644 2189; x_wconf 83' lang='lat' dir='ltr'>con-</span> 
     </span>
    </p>
   </div>
   <div class='ocr_carea' id='block_1_3' title="bbox 164 2225 1649 2271">
    <p class='ocr_par' dir='ltr' id='par_1_3' title="bbox 164 2225 1649 2271">
     <span class='ocr_line' id='line_1_30' title="bbox 164 2225 1649 2271; baseline -0.003 -10"><span class='ocrx_word' id='word_1_305' title='bbox 164 2241 264 2262; x_wconf 83' lang='lat' dir='ltr'>cessas</span> <span class='ocrx_word' id='word_1_306' title='bbox 283 2256 287 2261; x_wconf 94' lang='lat'>.</span> <span class='ocrx_word' id='word_1_307' title='bbox 306 2240 430 2261; x_wconf 83' lang='lat' dir='ltr'>necnon</span> <span class='ocrx_word' id='word_1_308' title='bbox 446 2231 480 2261; x_wconf 84' lang='lat' dir='ltr'>et</span> <span class='ocrx_word' id='word_1_309' title='bbox 494 2228 658 2261; x_wconf 82' lang='lat' dir='ltr'>libertates</span> <span class='ocrx_word' id='word_1_310' title='bbox 679 2231 711 2260; x_wconf 90' lang='lat' dir='ltr'>et</span> <span class='ocrx_word' id='word_1_311' title='bbox 729 2229 951 2271; x_wconf 77' lang='lat' dir='ltr'>exemptiones</span> <span class='ocrx_word' id='word_1_312' title='bbox 969 2227 1161 2260; x_wconf 84' lang='lat' dir='ltr'>secularium</span> <span class='ocrx_word' id='word_1_313' title='bbox 1182 2227 1388 2259; x_wconf 78' lang='lat' dir='ltr'>exactionum</span> <span class='ocrx_word' id='word_1_314' title='bbox 1409 2237 1428 2257; x_wconf 86' lang='lat' dir='ltr'>a</span> <span class='ocrx_word' id='word_1_315' title='bbox 1451 2225 1596 2268; x_wconf 80' lang='lat' dir='ltr'>Regibus</span> <span class='ocrx_word' id='word_1_316' title='bbox 1617 2228 1649 2257; x_wconf 87' lang='lat' dir='ltr'>et</span> 
     </span>
    </p>
   </div>
  </div>
 </body>
</html>
