1998 2724
1541 162 1605 193 487

758 364 1074 398 OCCCLXXXIX.

224 444 387 477 GRANT
419 444 484 477 BY
514 444 718 478 MORGAN
749 446 812 478 AB
845 446 1190 480 CADWATHLAN
1221 448 1280 481 OF
1311 448 1511 482 OOMMON
1543 450 1602 483 OF

537 513 755 547 PASTURE
787 514 844 548 ΤΟ
876 515 1087 549 MARGAM
1117 517 1291 550 ABBEY.

717 596 893 639 [MARGAM
917 596 1111 642 CHARTER]

218 679 328 712 Sciant
351 691 461 712 omnes
483 691 514 722 p.
532 681 564 711 et
587 679 608 711 f.
626 680 712 721 quod
735 691 795 722 ego
816 679 1009 712 MORGANUS
1030 680 1071 713 ab
1088 680 1333 714 CADWATHLAN
1352 709 1358 714 .
1376 683 1513 715 concessi
1530 686 1561 716 et
1577 685 1652 716 dedi

172 749 207 781 in
222 751 413 791 perpetuam
433 749 640 781 elemosinam
660 750 693 781 et
713 748 773 781 hae
796 752 883 781 carta
906 749 1013 792 m[ea]
1039 751 1225 783 confirmavi
1249 750 1320 784 Deo
1347 754 1381 784 et
1406 752 1534 784 ecclesie
1561 753 1653 786 beate

172 818 294 850 MARm
313 819 353 850 de
374 818 530 850 MARGAN
548 843 554 849 .
572 820 605 850 et
626 818 792 850 monachis
814 818 935 851 ibidem
957 819 1028 851 Deo
1052 820 1264 853 servientibus
1290 832 1495 854 communam
1522 826 1651 864 pasture

173 899 243 920 mee
259 888 298 920 de
314 890 382 920 tota
397 890 483 920 terra
498 899 570 919 mea
584 887 619 919 in
640 887 777 930 longum
800 890 832 919 et
855 888 959 920 latum
983 914 990 920 .
1015 892 1082 921 tam
1109 890 1151 921 ad
1177 890 1338 932 equieium
1365 902 1460 922 suum
1487 903 1584 933 quam
1611 893 1652 924 ad

174 959 278 989 cetera
312 957 420 989 averia
451 968 508 989 sua
531 982 537 988 .
564 959 697 999 excepto
719 957 815 990 blado
842 959 874 990 et
901 961 992 1000 prato
1018 984 1023 989 .
1049 958 1168 990 soilioet
1192 984 1197 990 .
1224 970 1332 991 versus
1358 960 1515 993 orientem
1539 987 1545 992 .
1571 962 1651 994 sicut

175 1025 311 1069 di[vise]
333 1026 458 1058 vadunt
480 1026 566 1058 inter
587 1027 706 1058 terram
728 1037 856 1059 meam.
875 1029 907 1059 et
930 1030 1048 1059 terram
1071 1027 1187 1059 Hom
1211 1028 1271 1060 filii
1293 1028 1445 1061 MOREDU
1464 1056 1469 1062 .
1488 1032 1521 1062 et
1544 1042 1653 1063 versus

174 1095 372 1128 occidentem
405 1120 411 1127 .
444 1095 525 1127 sicut
562 1095 663 1127 divise
699 1096 824 1128 vadunt
853 1096 938 1128 inter
967 1100 1086 1128 terram
1112 1108 1218 1129 meam
1247 1100 1279 1129 et
1309 1097 1465 1141 ter[ram]
1485 1098 1652 1130 MORGANx

173 1163 258 1196 ΚΑΜ
282 1190 288 1195 .
312 1167 344 1196 et
367 1176 476 1196 versus
500 1166 646 1196 austrum
671 1191 676 1196 .
701 1176 758 1207 per
784 1165 902 1197 divisas
929 1177 990 1207 que
1014 1168 1089 1198 sunt
1112 1165 1197 1198 inter
1219 1177 1270 1198 me
1296 1192 1301 1198 .
1327 1169 1359 1198 et
1383 1166 1590 1199 G1LBERTUM
1613 1168 1653 1200 de

174 1232 423 1265 TURBERUILLE
442 1259 448 1264 .
465 1235 498 1265 et
514 1245 622 1265 versus
638 1233 823 1276 aquilonem
840 1261 846 1266 .
864 1238 1023 1277 quantum
1045 1239 1130 1267 terra
1151 1247 1221 1267 mea
1238 1247 1270 1268 se
1285 1236 1431 1268 extendit
1450 1248 1527 1279 erga
1549 1240 1656 1279 partes

176 1302 249 1334 illas
267 1328 273 1333 .
292 1302 471 1334 Reddendo
488 1302 564 1335 inde
578 1302 676 1334 miehi
692 1305 724 1335 et
747 1303 917 1335 heredibus
939 1304 1018 1335 meis
1041 1304 1210 1336 annuatim
1233 1316 1333 1336 unam
1355 1316 1497 1337 maroam
1524 1306 1652 1348 argenti

171 1371 212 1403 ad
229 1372 308 1403 duos
324 1371 478 1403 terminos
502 1398 508 1404 .
534 1371 662 1404 Seih'oet
681 1372 850 1404 dimidiam
871 1384 1011 1405 maroam
1033 1374 1074 1405 ad
1095 1373 1218 1405 Pascha
1237 1400 1242 1405 .
1261 1376 1293 1406 et
1316 1374 1486 1406 dimidiam
1510 1386 1650 1407 maroam

173 1440 215 1471 ad
230 1439 350 1471 festum
366 1439 477 1472 Sancti
492 1440 690 1473 Mmffiuffls
705 1452 763 1483 pro
782 1441 871 1473 omni
894 1442 1024 1474 servicio
1047 1444 1079 1474 et
1102 1442 1237 1474 seoulari
1262 1442 1456 1486 exactio[ne.
1504 1444 1566 1487 Et]
1593 1456 1653 1487 ego

173 1511 205 1540 et
220 1508 352 1540 heredes
369 1509 433 1540 mei
448 1509 728 1542 warantizabimus
743 1510 788 1542 eis
803 1511 980 1552 predictam
996 1514 1163 1553 pasturam
1185 1513 1295 1543 eontra
1317 1523 1427 1544 omnes
1450 1512 1596 1545 homines
1618 1514 1653 1546 in

171 1579 377 1619 perpetuum.
425 1577 522 1614 Quod
553 1578 579 1610 si
609 1578 693 1611 forte
723 1582 853 1622 propter
883 1591 1033 1623 guerram
1063 1580 1114 1612 vel
1145 1580 1286 1622 aliquem
1316 1581 1416 1613 alium
1447 1593 1555 1614 casum
1586 1595 1650 1615 non

170 1646 346 1688 poterimus
378 1646 423 1679 eis
454 1647 614 1689 prefatam
646 1650 811 1690 pasturam
848 1650 1056 1681 warantizare
1085 1676 1090 1681 .
1120 1650 1171 1681 vel
1202 1649 1228 1681 si
1259 1650 1321 1692 ipsi
1351 1651 1393 1683 ad
1423 1663 1494 1683 eam
1524 1655 1654 1694 propter

173 1726 324 1758 guerram
340 1715 391 1747 vel
407 1716 538 1758 aliquod
554 1717 643 1749 aliud
658 1717 928 1760 impedimentum
944 1730 1009 1750 non
1026 1719 1167 1761 poterint
1183 1719 1292 1751 venire
1312 1746 1317 1751 .
1336 1719 1504 1752 cessabunt
1520 1721 1650 1753 interim

172 1784 331 1826 prefatam
356 1796 496 1817 maroam
520 1811 526 1817 .
552 1785 690 1829 [done]e
711 1787 835 1829 possint
862 1787 960 1819 libere
988 1788 1123 1819 eandem
1150 1790 1316 1829 pasturam
1346 1789 1558 1831 frequentare
1605 1791 1650 1823 Et

171 1853 336 1885 sciendum
368 1854 453 1896 quod
483 1866 548 1886 non
578 1855 765 1898 permittam
796 1856 935 1898 aliquem
967 1857 1130 1889 hominem
1162 1856 1344 1900 n[ostrum]
1380 1858 1572 1902 pl[aoita]re
1606 1859 1652 1891 eis

170 1922 313 1963 aliquam
341 1925 505 1964 pasturam
530 1949 536 1955 .
561 1925 797 1966 appropriando
825 1937 895 1957 eam
921 1925 981 1957 sibi
1012 1929 1144 1968 excepto
1175 1926 1270 1958 blado
1302 1930 1333 1959 et
1364 1930 1466 1970 prato.
1514 1928 1559 1960 Et
1590 1940 1650 1971 ego

169 1991 362 2023 MORGANUS
393 1992 501 2034 juravi
533 2004 628 2035 super
660 1994 876 2037 sanotua[ria]
908 1995 1035 2026 ewlesie
1062 1995 1101 2026 de
1127 1994 1283 2026 MARGAN
1310 2021 1315 2027 .
1341 1997 1428 2038 quod
1453 1996 1511 2028 hee
1542 1997 1650 2029 omnia

171 2061 313 2102 predic-ta
341 2061 470 2093 servabo
499 2065 529 2094 et
556 2062 671 2095 tenebo
697 2063 831 2104 prefatis
857 2063 1021 2095 monachis
1047 2063 1185 2096 fideliter
1211 2067 1244 2096 et
1270 2064 1338 2096 sine
1365 2065 1438 2097 dolo
1466 2091 1472 2097 .
1502 2069 1533 2097 et
1564 2066 1649 2098 malo

170 2129 312 2171 ingenio.
340 2142 346 2153 ⁴
360 2129 438 2162 Hiis
453 2130 597 2163 testibus.

216 2197 364 2230 Entitled
382 2201 418 2222 -‘
431 2199 526 2231 Carta
543 2199 696 2243 Mor-gani
712 2200 752 2232 ab
769 2201 983 2233 Cadwatlanf
