1998 2724
370 166 434 197 466

929 465 1212 500 GOCOLXVIII.

329 549 551 584 WILLIAM
600 549 665 582 DE
710 548 861 582 BARRI
911 547 1134 581 NOTIFIES
1172 547 1230 580 ΤΟ
1274 547 1374 580 ΤΗΕ
1408 546 1583 579 BISHOP
1633 545 1692 579 OF
1741 545 1805 579 ST.

424 618 614 653 DAVID’S
652 618 734 651 HIS
773 617 937 650 GRANT
975 617 1034 649 oF
1073 617 1205 650 LAND
1245 617 1303 650 TO
1341 616 1511 649 NEATH
1549 615 1729 648 ABBEY.

784 700 915 744 [HARL.
941 700 1118 739 CHARTER,
1143 700 1184 731 75
1208 699 1247 731 Β.
1273 698 1343 742 5b.]
1535 697 1640 730 01ch
1666 698 1759 729 1230,

372 785 561 818 Reverendo
587 784 671 827 patri
694 786 727 816 et
750 784 881 816 domino
908 782 1107 815 MINEVENffl
1135 782 1281 825 episcopo
1312 784 1344 814 et
1374 780 1531 813 universis
1561 782 1669 812 sancte
1692 780 1804 811 matris

323 855 451 888 ecclesie
481 854 556 886 filiis
583 853 797 886 WILLELMUS
822 853 862 884 de
884 852 998 884 BARm
1022 851 1167 884 salutem.
1214 850 1351 884 Noverit
1375 850 1568 882 universitas
1591 851 1697 881 vestra
1718 849 1804 891 quod

322 935 382 967 ego
398 935 456 966 pro
472 923 574 956 salute
590 923 698 955 anime
713 933 783 954 mee
799 924 831 954 et
847 932 961 964 sponse
976 932 1046 953 mee
1069 924 1102 953 et
1122 920 1292 953 animabus
1316 920 1461 952 omnium
1486 920 1746 962 predecessorum
1770 920 1803 950 et

322 1003 534 1026 successorum
551 1003 696 1025 meorum
712 991 786 1024 dedi
802 994 835 1023 et
850 990 988 1023 concessi
1004 989 1074 1022 Deo
1091 992 1122 1022 et
1138 989 1331 1022 monasterio
1355 987 1471 1020 Sancte
1493 987 1615 1019 MAmE
1637 988 1676 1019 de
1697 986 1802 1020 Nem

321 1065 353 1095 et
368 1061 534 1095 monachis
548 1061 669 1094 ibidem
685 1061 795 1093 divino
814 1060 1005 1102 mancipatis
1021 1060 1122 1092 officio
1138 1059 1275 1102 triginta
1291 1070 1379 1091 acras
1395 1061 1479 1090 terre
1495 1059 1534 1090 de
1553 1057 1651 1090 feudo
1675 1067 1747 1089 meo
1768 1057 1803 1088 in

321 1132 423 1165 Gom
437 1132 523 1164 inter
537 1134 682 1164 montem
697 1131 736 1163 de
754 1130 967 1162 KEVENBRIN
983 1132 1016 1161 et
1031 1130 1117 1161 viam
1133 1140 1195 1171 que
1218 1140 1274 1171 per
1297 1129 1411 1160 silvam
1432 1128 1472 1159 de
1495 1127 1608 1159 BRUlz
1633 1126 1739 1159 tendit
1763 1125 1804 1158 ab

319 1201 431 1234 villam
454 1201 494 1233 de
518 1200 683 1232 ΡΕΝΜΑΙΝ
710 1226 715 1231 .
742 1211 814 1232 cum
838 1199 1008 1242 adjacente
1032 1198 1257 1231 communione
1273 1201 1340 1229 tam
1357 1197 1391 1229 in
1408 1197 1500 1229 bosco
1522 1207 1619 1239 quam
1646 1196 1680 1227 in
1705 1195 1802 1237 plano

318 1271 353 1303 in
369 1272 558 1313 perpetuam
574 1269 781 1302 elemosinam
799 1270 839 1301 de
854 1280 907 1301 me
931 1271 963 1300 et
986 1267 1156 1300 heredibus
1182 1267 1260 1299 meis
1284 1267 1458 1299 tenendam
1487 1265 1527 1298 ab
1555 1265 1643 1297 omni
1667 1264 1800 1296 seculari

317 1339 447 1372 servitio
459 1341 489 1372 et
507 1339 672 1371 exactione
689 1338 831 1380 quietam
848 1340 879 1370 et
895 1337 1030 1369 liberam
1046 1340 1179 1379 excepta
1194 1337 1337 1378 quadam
1353 1347 1462 1367 annua
1478 1334 1699 1377 recognitione
1719 1332 1802 1364 mihi

318 1408 368 1440 vel
384 1407 556 1440 heredibus
570 1407 650 1439 meis
674 1407 885 1449 persolvenda
900 1406 1050 1438 videlicet
1066 1406 1137 1437 xxti·
1155 1410 1244 1437 111J⁰¹²
1266 1404 1404 1447 pellibus
1426 1404 1564 1447 agninis.
1613 1402 1659 1435 Et
1675 1402 1701 1434 si
1717 1401 1801 1433 forte

318 1489 471 1510 numerus
486 1477 703 1520 predictarum
720 1487 865 1508 acrarum
882 1486 977 1517 supra
993 1475 1080 1507 viam
1095 1476 1299 1517 prenotatam
1315 1485 1379 1506 non
1397 1474 1512 1516 plenus
1527 1472 1627 1504 fuerit
1650 1472 1802 1502 inventus

318 1547 455 1579 concedo
471 1548 509 1578 ut
531 1546 571 1578 de
593 1548 679 1578 terra
704 1556 775 1577 mea
802 1544 861 1577 sub
888 1544 1000 1576 eadem
1025 1543 1078 1575 via
1103 1546 1230 1575 tantam
1254 1542 1396 1575 habeant
1421 1541 1638 1584 quantitatem
1665 1539 1802 1582 predicti

317 1615 465 1648 monachi
492 1617 615 1657 quanta
638 1614 773 1646 sufficiat
798 1614 839 1645 ad
862 1612 1039 1655 perfectam
1063 1611 1286 1654 integritatem
1312 1611 1479 1654 prescripti
1506 1609 1642 1641 numeri.
1691 1607 1737 1639 Et
1761 1610 1799 1639 ut

316 1685 376 1717 hec
391 1696 462 1716 mea
478 1685 609 1716 donatio
625 1686 696 1715 rata
710 1687 742 1715 et
758 1683 944 1715 inconcussa
959 1684 1147 1724 permaneat
1163 1692 1233 1713 eam
1250 1681 1389 1723 presenti
1406 1682 1493 1712 carta
1508 1690 1581 1711 mea
1597 1677 1750 1710 confirmo
1767 1678 1799 1707 et

317 1754 417 1797 sigilli
440 1754 504 1786 mei
527 1753 735 1796 impressione
759 1751 936 1784 corroboro.
994 1750 1059 1783 His
1074 1749 1209 1783 testibus
1227 1776 1232 1781 .
1251 1749 1421 1782 Pumppo
1437 1748 1541 1780 milite
1558 1747 1599 1779 de
1615 1746 1777 1778 ancnos
1795 1769 1802 1777 .

317 1823 513 1856 WIIJAELMO
539 1822 660 1855 REvEL
681 1820 916 1854 constabulario
940 1820 980 1851 de
1003 1819 1226 1852 SUEINNESHA
1246 1845 1251 1849 .
1270 1818 1439 1850 Amvmmo
1456 1817 1490 1849 N
1494 1828 1559 1848 an
1578 1842 1583 1847 .
1602 1814 1798 1848 WILLELMO

319 1893 360 1924 de
376 1891 523 1924 CANTOL’
541 1894 573 1924 et
589 1891 743 1923 HUGONE
770 1891 809 1922 de
832 1889 986 1922 VILLERs
1005 1914 1010 1919 .
1029 1888 1195 1921 JOHANNE
1224 1887 1290 1919 filio
1315 1887 1486 1919 ALWARDI
1519 1911 1525 1917 .
1554 1884 1712 1917 SAMSONE
1738 1882 1804 1914 filio

320 1960 485 1994 Gonwwr„
510 1986 516 1992 .
542 1960 701 1993 JORDANO
726 1959 843 1991 meo
866 1959 906 1991 de
929 1957 1041 1991 VILLA
1065 1957 1222 1989 Episcom
1247 1957 1281 1988 in
1306 1956 1406 1989 Gom<
1432 1982 1437 1987 .
1463 1955 1618 1987 RicAaDo
1643 1951 1756 1985 clerieo
1771 1952 1803 1982 et

320 2031 432 2062 multis
448 2031 527 2062 aliis.

365 2099 589 2132 Endorsed—‘
602 2099 699 2131 Carta
717 2097 762 2130 W
780 2124 785 2129 .
804 2098 844 2129 de
862 2096 957 2128 Barri
974 2097 1013 2127 de
1030 2106 1110 2127 xxx.
1130 2095 1233 2127 acris?
