1998 2724
337 160 401 192 548

292 317 378 350 bona
409 317 472 349 alia
500 319 610 349 contra
641 327 752 358 pacem
777 317 809 347 et
837 314 982 346 abduxit.
1045 314 1091 346 Et
1116 316 1288 357 postquam
1315 314 1465 346 dominus
1503 313 1576 346 Rex
1607 314 1773 346 mandavit

293 387 379 420 dicto
422 387 531 419 comiti
577 386 663 428 quod
710 386 789 417 dum
836 384 998 427 predictus
1036 383 1212 416 RicARDus
1250 383 1364 416 fuisset
1401 384 1436 416 in
1474 384 1605 416 servicio
1650 383 1773 416 domini

294 456 396 499 Regis
438 458 469 488 et
508 456 542 488 in
590 467 707 498 guerra
741 466 798 487 sua
836 455 924 496 apud
967 453 1169 486 GLAMMORK
1203 464 1313 485 omnes
1348 453 1569 485 contentiones
1600 453 1686 485 inter
1723 464 1776 485 000

293 529 380 559 111010
406 528 603 569 ponerentur
630 525 663 556 in
692 526 871 566 respectum
897 525 929 555 et
959 523 1069 555 omnia
1093 522 1177 555 bona
1202 522 1302 565 ipsius
1329 522 1477 554 Rmfflm
1504 523 1537 555 in
1569 534 1645 565 pace
1672 524 1775 555 essent

291 607 392 638 usque
411 596 445 627 in
466 594 643 627 crastinum
665 594 858 632 animarum,
876 592 966 624 venit
988 591 1151 634 predictus
1174 603 1277 624 comes
1304 596 1336 624 et
1359 595 1479 624 terram
1502 592 1601 635 ipsius
1625 592 1775 624 RmARm

292 665 375 707 cepit
407 665 441 696 in
473 675 605 696 manum
637 674 728 695 suam
759 665 790 694 et
822 662 899 694 fecit
923 661 1040 694 liberos
1069 661 1216 694 homines
1246 673 1319 694 suos
1344 662 1448 694 facere
1473 663 1502 694 ei
1528 662 1717 705 homagium
1743 665 1776 694 et

294 734 429 766 villanos
446 733 645 765 fidelitatem.
693 731 739 764 Et
755 732 842 774 quod
864 731 924 763 hoc
940 731 1018 763 fecit
1034 733 1144 764 contra
1159 742 1271 773 pacem
1287 731 1411 763 domini
1428 730 1529 774 Regis
1545 733 1578 763 et
1595 731 1775 773 dampnum

293 815 388 835 suum
408 803 447 835 de
466 827 681 835 .........
707 801 855 844 producit
873 802 978 832 testes.
1026 800 1073 832 Et
1088 811 1192 832 comes
1207 800 1286 832 alias
1301 800 1392 832 venit
1407 811 1513 832 coram
1530 800 1660 832 domino
1685 800 1776 843 Rege

292 873 411 905 00111001
432 884 451 904 a
474 872 527 903 die
543 871 666 903 Pasche
689 871 723 902 in
748 881 803 902 xv.
822 870 890 902 dies
913 870 1001 912 apud
1026 869 1189 902 OXONIAM
1214 881 1299 901 anno
1314 869 1408 912 regni
1424 870 1474 901 0111
1496 869 1656 902 tricesimo
1673 869 1776 912 primo

295 941 415 985 [1247]
443 941 529 983 quod
553 940 748 973 attachiatus
771 940 835 971 fuit
857 940 898 971 ad
922 940 1182 982 respondendum
1205 939 1350 982 predicto
1378 938 1533 970 Rmnno
1558 940 1598 971 de
1624 928 1777 981 predictis

290 1009 599 1053 transgressionibus
615 1012 647 1041 et
663 1008 811 1041 defendit
826 1009 893 1040 vim
916 1011 974 1040 010.
993 1010 1026 1040 01
1041 1008 1195 1051 quicquid
1212 1010 1323 1040 contra
1339 1019 1450 1050 pacem
1466 1011 1514 1040 est
1530 1011 1588 1040 010.
1635 1008 1681 1040 Et
1691 1008 1775 1040 dixit

290 1080 377 1122 quod
400 1091 465 1112 non
493 1078 664 1111 videbatur
691 1079 720 1110 ei
747 1078 833 1121 quod
859 1077 975 1110 debeat
999 1078 1029 1109 ei
1053 1077 1174 1110 ibidem
1199 1078 1393 1120 respondere
1418 1078 1494 1119 quia
1517 1089 1590 1109 cum
1613 1078 1776 1120 predictus

289 1150 465 1182 RmAmms
476 1151 669 1191 conquestus
685 1148 749 1180 fuit
765 1148 804 1180 de
822 1147 1074 1190 transgressione
1090 1147 1119 1179 ei
1135 1147 1222 1179 facta
1237 1148 1272 1179 in
1285 1147 1533 1179 GLAMMORGAN
1550 1147 1661 1190 etipse
1672 1159 1775 1180 comes

286 1219 401 1251 habuit
417 1219 516 1251 talem
531 1218 715 1250 libertatem
732 1218 766 1249 in
783 1220 868 1249 terra
884 1229 941 1249 sua
957 1217 997 1248 de
1014 1216 1262 1249 GLAMMORGAN
1279 1217 1366 1259 quod
1389 1217 1499 1248 nullus
1522 1217 1561 1249 de
1585 1216 1770 1249 hominibus

287 1289 351 1321 suis
368 1300 425 1320 nec
441 1288 512 1320 aliis
529 1287 647 1320 debent
663 1288 703 1319 de
719 1287 828 1329 aliquo
844 1286 963 1329 placito
979 1286 1133 1328 placitare
1149 1286 1227 1318 alibi
1243 1297 1341 1328 quam
1363 1285 1451 1318 infra
1473 1286 1656 1318 libertatem
1680 1298 1772 1319 suam

289 1359 329 1390 do.
365 1357 582 1390 GLAMORGAN
618 1360 651 1388 et
685 1356 807 1388 desicut
843 1357 929 1388 idem
965 1355 1141 1388 Rmnnns
1176 1356 1231 1398 qui
1266 1358 1344 1387 tunc
1371 1356 1628 1398 conquerebatur
1653 1359 1701 1388 est
1731 1357 1771 1388 de

291 1426 440 1458 libertate
456 1425 513 1458 illa
529 1429 561 1458 01
576 1428 659 1458 terre
677 1427 762 1458 unde
779 1425 1034 1468 conquerebatur
1044 1427 1076 1457 et
1087 1436 1137 1457 res
1147 1427 1223 1457 sunt
1233 1425 1273 1457 de
1300 1424 1529 1457 GLAMORGAN.
1579 1425 1625 1457 Et
1651 1426 1773 1458 desicut

295 1497 362 1538 ipse
388 1498 579 1538 conquestus
605 1495 669 1527 fuit
693 1496 779 1538 quod
795 1495 1006 1538 transgressio
1022 1495 1166 1537 predicta
1189 1495 1216 1526 si
1239 1494 1326 1526 facta
1349 1494 1425 1532 11111,
1449 1494 1536 1526 facta
1559 1494 1624 1526 fuit
1646 1494 1777 1527 ibidem.

293 1565 339 1597 Et
351 1565 474 1597 (10010111
487 1565 555 1607 ipse
570 1576 629 1597 nec
645 1568 857 1597 antecessores
873 1565 922 1596 sui
939 1575 1107 1606 nunquam
1124 1563 1202 1596 alibi
1219 1563 1364 1596 solebant
1376 1564 1530 1606 placitare
1542 1575 1638 1606 quam
1655 1564 1777 1596 ibidem

293 1647 359 1667 non
383 1634 553 1666 videbatur
577 1634 606 1665 ei
623 1635 708 1676 quod
725 1634 854 1666 deberet
871 1634 900 1665 ei
916 1634 1117 1676 respondere.
1164 1632 1211 1665 Et
1220 1633 1347 1676 rogavit
1360 1634 1528 1665 dominum
1548 1634 1672 1676 Regem
1689 1634 1774 1676 quod

290 1709 415 1736 teneret
432 1704 461 1736 01
484 1703 668 1735 libertatem
692 1715 783 1735 suam
808 1706 840 1735 et
863 1703 949 1745 quod
973 1703 1125 1735 dominus
1149 1702 1222 1734 Rex
1246 1702 1389 1734 mitteret
1413 1702 1533 1734 ibidem
1549 1703 1575 1734 si
1591 1703 1621 1735 01
1637 1703 1778 1745 placeret

291 1775 372 1806 duos
394 1773 443 1805 vel
466 1777 530 1805 tres
550 1773 601 1804 vel
625 1775 763 1815 quatuor
787 1772 906 1804 milites
933 1773 972 1804 de
993 1772 1125 1804 consilio
1156 1772 1197 1803 ad
1224 1772 1421 1803 audiendam
1452 1772 1616 1814 querelam
1640 1772 1777 1815 predicti

291 1844 439 1876 111οΑ1101
466 1842 587 1874 ibidem
614 1847 646 1874 et
670 1853 854 1885 responsum
880 1853 971 1874 suam
992 1842 1039 1873 ita
1054 1842 1141 1882 quod
1162 1841 1188 1872 si
1212 1840 1293 1873 bene
1315 1841 1427 1872 fecerit
1446 1842 1622 1874 secundum
1645 1853 1775 1874 consue·

292 1913 441 1944 tudinem
465 1912 569 1954 patrie
594 1924 652 1954 pro
679 1911 805 1954 justitia
831 1912 922 1943 fieret
947 1911 995 1943 sin
1019 1913 1129 1943 autem
1152 1910 1234 1943 bene
1256 1911 1443 1943 concederet
1466 1911 1552 1953 quod
1567 1911 1692 1944 factum
1708 1911 1781 1954 ejus

292 1983 505 2024 corrigeretur
523 1992 580 2023 per
602 1981 770 2013 dominum
793 1980 928 2023 Regem.
976 1980 1023 2012 Et
1043 1991 1147 2012 comes
1170 1980 1343 2022 requisitus
1363 1982 1455 2012 extra
1481 1980 1638 2023 placitum
1660 1980 1687 2012 si
1711 1980 1779 2023 ipse

292 2050 424 2083 haberet
442 2051 582 2082 castrum
599 2052 631 2082 et
647 2052 766 2082 terram
784 2050 960 2092 predictam
977 2050 1016 2082 de
1037 2049 1160 2092 judicio
1177 2049 1347 2081 comitatus
1363 2050 1413 2081 sui
1429 2049 1480 2082 vel
1496 2049 1560 2082 alio
1575 2050 1671 2082 modo
1694 2049 1779 2082 dixit

291 2120 378 2162 quod
394 2119 475 2152 bene
491 2120 639 2151 ostendet
655 2119 777 2151 ibidem
794 2119 880 2161 quod
902 2119 956 2151 ille
981 2117 1096 2151 habuit
1116 2129 1173 2161 per
1191 2118 1352 2160 judicium
1375 2118 1461 2151 curie
1483 2130 1539 2151 sue
1555 2121 1587 2151 et
1603 2119 1780 2151 secundum

292 2189 559 2221 consuetudinem
576 2191 607 2221 et
624 2188 775 2231 usagium
797 2188 909 2230 patrie.
957 2187 1004 2220 Et
1026 2187 1202 2220 RicAiums
1222 2186 1364 2219 wanzn
1385 2198 1443 2230 per
1463 2190 1664 2220 attornatum
1685 2198 1780 2221 suum

292 2261 371 2290 tunc
388 2257 478 2290 venit
493 2260 524 2290 et
541 2258 626 2290 dixit
642 2257 729 2300 quod
746 2268 811 2290 non
827 2257 999 2290 videbatur
1015 2256 1044 2289 01
1061 2257 1147 2299 quod
1163 2255 1259 2289 debet
1275 2256 1398 2289 curiam
1413 2268 1506 2290 suam
1521 2257 1560 2290 de
1576 2257 1707 2299 querela
1722 2257 1780 2290 ina
