1998 2724
324 142 386 173 382

321 300 354 332 A
369 302 474 332 vestra
489 300 642 332 memoria
658 311 723 332 non
740 301 897 333 credimus
912 301 1075 341 excidisse,
1093 301 1245 343 quatinus
1260 302 1369 334 dilecti
1388 302 1446 334 filii
1468 303 1610 334 canonici
1628 301 1757 334 ecclesie

277 368 520 401 LANnAvnnsrs
535 381 554 400 a
570 368 659 401 vobis
676 371 708 401 et
727 381 745 400 a
766 369 858 401 nobis
881 369 1009 401 ecclesie
1033 381 1087 402 sue
1111 372 1271 412 pastorem
1297 371 1439 413 eligendi
1465 372 1628 403 licentiam
1655 371 1755 413 impe-

276 441 413 470 trarunt.
460 438 584 470 Verum
613 439 688 480 quia
715 438 846 470 ecclesia
872 438 929 470 ina
952 439 1009 470 diu
1032 442 1099 470 erat
1124 439 1256 471 viduata
1279 443 1415 482 pastore,
1432 452 1489 472 nec
1513 452 1583 472 eam
1608 441 1756 472 volumus

276 507 398 539 diutius
421 510 547 549 pastore
575 519 679 539 carere
705 520 711 538 :
737 507 891 539 dilectum
918 508 1022 539 filium
1046 506 1273 540 WrLLELMUM
1301 509 1439 551 priorem
1467 510 1506 542 de
1534 509 1755 549 GOLDCLWIA,

277 576 381 608 visum
405 577 575 618 providum
599 582 630 607 et
654 576 836 615 honestum,
853 580 884 608 et
907 579 944 608 nt
967 577 1126 608 oredimus
1149 576 1238 609 vobis
1264 580 1295 609 et
1322 589 1423 620 regno
1450 585 1554 610 vestro
1582 578 1695 610 utilem
1722 579 1756 610 et

274 645 412 683 fidelem,
438 646 487 677 illi
514 646 653 677 ecclesiae
681 645 880 687 providimus
906 649 938 677 et
964 646 1175 677 concessimus
1201 646 1235 678 in
1263 650 1431 689 pastorem.
1478 646 1621 688 Ideoque
1637 646 1754 679 Excel-

273 715 406 746 lentiam
435 719 573 746 vestram
601 715 780 756 rogandam
812 714 964 746 duximus
995 717 1026 746 et
1056 715 1260 753 monendam,
1289 715 1441 757 quatinus
1472 716 1620 747 electioni
1650 715 1752 757 ipsius

272 785 399 827 regium
429 784 598 826 prebentes
625 795 799 822 assensum,
823 784 1046 826 juramentum
1080 783 1255 823 fidelitatis,
1284 783 1364 816 sicut
1400 796 1468 816 mos
1503 789 1560 822 est,
1592 784 1753 826 recipiatis

271 853 311 885 ab
328 853 404 896 ipso.

315 922 438 954 Datum
456 922 613 961 Suom,
631 934 657 954 v.
677 923 750 954 idus
766 922 857 954 JuJii.

869 1086 1156 1119 CCCLXXXIX.

268 1168 496 1200 OHARTER
526 1168 586 1200 OF
614 1167 846 1207 WILLIAM,
873 1167 1047 1200 BISHOP
1079 1167 1137 1200 OF
1168 1168 1438 1207 LLANDAFF,
1465 1169 1519 1201 IN
1552 1169 1750 1202 FAVOUR

758 1236 817 1269 OF
847 1236 1057 1269 MARGAM
1088 1237 1260 1270 ABBEY.

744 1319 870 1359 [HAizn
890 1318 1064 1357 CHARTER,
1081 1319 1123 1350 75
1147 1319 1188 1351 A.
1211 1319 1278 1362 16.]

310 1400 363 1433 W.
383 1401 445 1433 Dei
467 1401 573 1443 gratia
593 1400 835 1432 LANDAVENSIS
857 1401 1022 1443 episeopus
1043 1401 1273 1433 archidiaconis
1297 1403 1426 1434 decanis
1453 1403 1595 1444 personis
1623 1402 1748 1435 vicariis

267 1471 364 1502 totius
392 1470 524 1502 diocesis
552 1482 606 1501 sue
634 1471 674 1501 ad
702 1481 781 1512 quos
812 1473 974 1512 presentes
1005 1471 1110 1502 littere
1141 1471 1343 1513 pervenerint
1376 1471 1512 1503 salutem
1544 1472 1684 1514 gratiam
1716 1475 1747 1504 et

264 1539 529 1572 benedictionem.
578 1538 623 1570 Et
639 1539 664 1570 si
682 1538 830 1571 omnibus
846 1539 879 1571 in
898 1544 1006 1571 nostra
1025 1539 1207 1571 constitutis
1228 1540 1350 1571 ditione
1373 1545 1514 1572 nostram
1539 1553 1596 1583 pro
1618 1540 1747 1583 juribus

265 1609 381 1640 nostris
397 1608 569 1640 debeamus
586 1608 816 1646 defensionem,
834 1609 966 1640 domum
983 1611 1091 1640 tamen
1109 1609 1148 1640 de
1163 1608 1317 1640 MARGAN
1339 1609 1462 1641 intuitu
1489 1610 1656 1652 religionis
1684 1622 1746 1652 que

264 1678 297 1709 in
325 1690 362 1709 ca
389 1678 519 1709 domino
549 1681 736 1719 cooperante
764 1678 875 1709 florere
903 1677 1079 1709 dinoscitur
1106 1677 1231 1719 speciali
1261 1678 1485 1720 amplectimur
1512 1679 1683 1711 dilectione
1714 1681 1747 1711 et

263 1747 361 1778 servis
376 1747 429 1778 dei
445 1746 479 1777 in
496 1758 532 1778 ea
549 1746 679 1778 domino
696 1746 913 1778 militantibus
932 1752 962 1778 et
986 1745 1234 1788 possessionibus
1255 1758 1364 1778 corum
1386 1758 1465 1788 quas
1490 1749 1575 1779 intra
1603 1751 1745 1780 nostram

263 1815 381 1847 habent
406 1815 556 1847 diocesim
580 1818 739 1856 quatenus
765 1826 933 1857 possumus
959 1815 1077 1857 ubique
1105 1827 1161 1858 per
1187 1826 1245 1847 nos
1271 1819 1301 1846 et
1330 1819 1454 1847 nostros
1481 1817 1687 1858 protectionis
1713 1819 1746 1849 et

263 1885 405 1916 custodie
434 1884 602 1926 specialem
632 1884 780 1916 volumus
807 1884 957 1916 exhibere
985 1885 1132 1927 gratiam.
1196 1884 1278 1915 Inde
1307 1888 1352 1915 est
1385 1885 1470 1926 quod
1502 1885 1743 1917 universitatem

261 1956 399 1984 vestram
416 1965 480 1985 non
498 1954 600 1985 solum
618 1954 773 1985 attentius
790 1965 941 1996 rogamus
956 1954 1011 1985 sed
1027 1954 1124 1985 etiam
1141 1953 1346 1995 precipiendo
1359 1953 1391 1984 in
1406 1954 1437 1984 vi
1454 1953 1636 1986 obediencie
1655 1954 1744 1986 vobis

262 2023 468 2065 injungimus
491 2028 526 2054 nt
551 2023 575 2053 si
601 2023 656 2064 qui
681 2035 718 2054 ox
750 2023 860 2055 vestris
889 2022 1061 2065 parrochiis
1088 2021 1252 2054 monachis
1278 2023 1318 2053 de
1346 2021 1497 2054 MARGAN
1527 2023 1664 2065 iujurias
1693 2023 1743 2055 vel

262 2091 403 2132 dampna
433 2091 540 2133 aliqua
572 2091 690 2123 inferre
724 2092 970 2134 presumpserint
1005 2091 1124 2134 singuli
1157 2093 1297 2123 vestrum
1329 2091 1361 2123 in
1397 2092 1618 2124 malefactores
1653 2092 1742 2124 vobis

261 2160 443 2191 nominatos
489 2163 597 2191 nostra
643 2160 832 2192 auctoritate
875 2160 1117 2192 ecelesiasticam
1161 2160 1332 2192 exerceatis
1374 2160 1537 2202 justiciam
1577 2162 1741 2203 ipsamque

262 2229 451 2260 sententiam
486 2229 620 2260 firmiter
653 2241 707 2270 per
739 2232 857 2260 vestras
888 2229 1070 2270 parrochias
1102 2228 1226 2261 faciatis
1259 2228 1419 2260 observari
1454 2230 1553 2261 donec
1591 2230 1742 2272 predictis
