<?xml version="1.0" encoding="UTF-8"?>
<!DOCTYPE html PUBLIC "-//W3C//DTD XHTML 1.0 Transitional//EN"
    "http://www.w3.org/TR/xhtml1/DTD/xhtml1-transitional.dtd">
<html xmlns="http://www.w3.org/1999/xhtml" xml:lang="en" lang="en">
 <head>
  <title>
</title>
<meta http-equiv="Content-Type" content="text/html;charset=utf-8" />
  <meta name='ocr-system' content='tesseract 3.04.00' />
  <meta name='ocr-capabilities' content='ocr_page ocr_carea ocr_par ocr_line ocrx_word'/>
</head>
<body>
  <div class='ocr_page' id='page_1' title='image "./cartaeetaliamuni02claruoft_0382.png"; bbox 0 0 1998 2724; ppageno 0'>
   <div class='ocr_carea' id='block_1_1' title="bbox 369 187 432 218">
    <p class='ocr_par' dir='ltr' id='par_1_1' title="bbox 369 187 432 218">
     <span class='ocr_line' id='line_1_1' title="bbox 369 187 432 218; baseline 0 0"><span class='ocrx_word' id='word_1_1' title='bbox 369 187 432 218; x_wconf 81' lang='lat'>598</span> 
     </span>
    </p>
   </div>
   <div class='ocr_carea' id='block_1_2' title="bbox 960 340 1168 374">
    <p class='ocr_par' dir='ltr' id='par_1_2' title="bbox 960 340 1168 374">
     <span class='ocr_line' id='line_1_2' title="bbox 960 340 1168 374; baseline 0.005 -1"><span class='ocrx_word' id='word_1_2' title='bbox 960 340 1168 374; x_wconf 87' lang='lat' dir='ltr'>DLXXIII.</span> 
     </span>
    </p>
   </div>
   <div class='ocr_carea' id='block_1_3' title="bbox 326 422 1800 600">
    <p class='ocr_par' dir='ltr' id='par_1_3' title="bbox 326 422 1800 600">
     <span class='ocr_line' id='line_1_3' title="bbox 326 422 1799 464; baseline -0.002 -5"><span class='ocrx_word' id='word_1_3' title='bbox 326 425 572 459; x_wconf 87' lang='lat' dir='ltr'>‘VIDIMUS‘</span> <span class='ocrx_word' id='word_1_4' title='bbox 602 425 667 457; x_wconf 86' lang='lat' dir='ltr'>BY</span> <span class='ocrx_word' id='word_1_5' title='bbox 706 424 805 457; x_wconf 86' lang='lat' dir='ltr'>THE</span> <span class='ocrx_word' id='word_1_6' title='bbox 844 423 1042 456; x_wconf 83' lang='lat' dir='ltr'>BISHOPS</span> <span class='ocrx_word' id='word_1_7' title='bbox 1082 423 1141 455; x_wconf 87' lang='lat' dir='ltr'>OF</span> <span class='ocrx_word' id='word_1_8' title='bbox 1179 422 1402 456; x_wconf 76' lang='lat' dir='ltr'><strong>LANGRES</strong></span> <span class='ocrx_word' id='word_1_9' title='bbox 1439 423 1541 456; x_wconf 82' lang='lat' dir='ltr'>AND</span> <span class='ocrx_word' id='word_1_10' title='bbox 1582 423 1799 464; x_wconf 70' lang='lat' dir='ltr'><strong>ROSKILD,</strong></span> 
     </span>
     <span class='ocr_line' id='line_1_4' title="bbox 434 491 1797 526; baseline -0.001 0"><span class='ocrx_word' id='word_1_11' title='bbox 434 495 493 526; x_wconf 75' lang='grc' dir='ltr'>ΟΕ</span> <span class='ocrx_word' id='word_1_12' title='bbox 540 495 571 525; x_wconf 94' lang='lat' dir='ltr'>A</span> <span class='ocrx_word' id='word_1_13' title='bbox 622 492 884 526; x_wconf 74' lang='lat' dir='ltr'>PRIVILEGE</span> <span class='ocrx_word' id='word_1_14' title='bbox 924 491 1154 524; x_wconf 78' lang='lat' dir='ltr'><strong>GRANTED</strong></span> <span class='ocrx_word' id='word_1_15' title='bbox 1191 491 1256 524; x_wconf 91' lang='lat' dir='ltr'>BY</span> <span class='ocrx_word' id='word_1_16' title='bbox 1296 491 1415 524; x_wconf 77' lang='lat' dir='ltr'>POPE</span> <span class='ocrx_word' id='word_1_17' title='bbox 1452 492 1698 524; x_wconf 84' lang='lat' dir='ltr'>INNOOEN&#39;P</span> <span class='ocrx_word' id='word_1_18' title='bbox 1737 492 1797 525; x_wconf 87' lang='lat' dir='ltr'>IV.</span> 
     </span>
     <span class='ocr_line' id='line_1_5' title="bbox 432 560 1800 600; baseline -0.001 -5"><span class='ocrx_word' id='word_1_19' title='bbox 432 564 489 596; x_wconf 83' lang='lat' dir='ltr'>To</span> <span class='ocrx_word' id='word_1_20' title='bbox 533 563 632 595; x_wconf 77' lang='lat' dir='ltr'>THE</span> <span class='ocrx_word' id='word_1_21' title='bbox 679 561 997 600; x_wconf 78' lang='lat' dir='ltr'><strong>CISTERCIANS,</strong></span> <span class='ocrx_word' id='word_1_22' title='bbox 1040 560 1293 593; x_wconf 82' lang='lat' dir='ltr'>PROBABLY</span> <span class='ocrx_word' id='word_1_23' title='bbox 1333 560 1466 594; x_wconf 89' lang='lat' dir='ltr'><strong>WITH</strong></span> <span class='ocrx_word' id='word_1_24' title='bbox 1512 561 1800 595; x_wconf 84' lang='lat' dir='ltr'>REFERENCE</span> 
     </span>
    </p>
   </div>
   <div class='ocr_carea' id='block_1_4' title="bbox 432 630 1752 717">
    <p class='ocr_par' dir='ltr' id='par_1_4' title="bbox 432 630 1752 717">
     <span class='ocr_line' id='line_1_6' title="bbox 432 630 750 664; baseline -0.006 0"><span class='ocrx_word' id='word_1_25' title='bbox 432 632 490 664; x_wconf 86' lang='grc' dir='ltr'>ΤΟ</span> <span class='ocrx_word' id='word_1_26' title='bbox 530 630 750 664; x_wconf 78' lang='lat' dir='ltr'><strong>MARGAM.</strong></span> 
     </span>
     <span class='ocr_line' id='line_1_7' title="bbox 858 673 1752 717; baseline 0 -11"><span class='ocrx_word' id='word_1_27' title='bbox 858 673 1031 715; x_wconf 77' lang='lat' dir='ltr'>[MARGAM</span> <span class='ocrx_word' id='word_1_28' title='bbox 1055 673 1249 717; x_wconf 62' lang='lat' dir='ltr'>CHARTER]</span> <span class='ocrx_word' id='word_1_29' title='bbox 1430 675 1467 706; x_wconf 93' lang='lat' dir='ltr'>ll</span> <span class='ocrx_word' id='word_1_30' title='bbox 1486 673 1609 706; x_wconf 66' lang='lat' dir='ltr'>Arrun.</span> <span class='ocrx_word' id='word_1_31' title='bbox 1660 675 1752 706; x_wconf 80' lang='lat'>1251.</span> 
     </span>
    </p>
   </div>
   <div class='ocr_carea' id='block_1_5' title="bbox 314 755 1800 2239">
    <p class='ocr_par' dir='ltr' id='par_1_5' title="bbox 322 755 1798 870">
     <span class='ocr_line' id='line_1_8' title="bbox 366 755 1798 799; baseline -0.001 -9"><span class='ocrx_word' id='word_1_32' title='bbox 366 759 598 790; x_wconf 67' lang='lat' dir='ltr'>INNOCEN&#39;rnis</span> <span class='ocrx_word' id='word_1_33' title='bbox 615 757 780 799; x_wconf 82' lang='lat' dir='ltr'>episeopus</span> <span class='ocrx_word' id='word_1_34' title='bbox 795 767 904 788; x_wconf 81' lang='lat' dir='ltr'>servus</span> <span class='ocrx_word' id='word_1_35' title='bbox 919 767 1082 787; x_wconf 77' lang='lat' dir='ltr'>servorum</span> <span class='ocrx_word' id='word_1_36' title='bbox 1104 755 1167 788; x_wconf 88' lang='lat' dir='ltr'>Dei</span> <span class='ocrx_word' id='word_1_37' title='bbox 1184 781 1191 787; x_wconf 90' lang='lat'>.</span> <span class='ocrx_word' id='word_1_38' title='bbox 1208 756 1333 788; x_wconf 82' lang='lat' dir='ltr'>dilectis</span> <span class='ocrx_word' id='word_1_39' title='bbox 1356 756 1431 788; x_wconf 81' lang='lat' dir='ltr'>filiis</span> <span class='ocrx_word' id='word_1_40' title='bbox 1458 782 1464 787; x_wconf 94' lang='lat'>.</span> <span class='ocrx_word' id='word_1_41' title='bbox 1493 755 1602 788; x_wconf 81' lang='lat' dir='ltr'>abbati</span> <span class='ocrx_word' id='word_1_42' title='bbox 1628 755 1798 788; x_wconf 75' lang='lat' dir='ltr'>ClsTchn</span> 
     </span>
     <span class='ocr_line' id='line_1_9' title="bbox 322 823 1795 870; baseline -0.001 -11"><span class='ocrx_word' id='word_1_43' title='bbox 322 828 456 870; x_wconf 74' lang='lat' dir='ltr'>ejusque</span> <span class='ocrx_word' id='word_1_44' title='bbox 473 825 680 858; x_wconf 69' lang='lat' dir='ltr'>coabbatibus</span> <span class='ocrx_word' id='word_1_45' title='bbox 697 824 946 856; x_wconf 74' lang='lat' dir='ltr'>CisTERcOENsis</span> <span class='ocrx_word' id='word_1_46' title='bbox 962 824 1100 856; x_wconf 80' lang='lat' dir='ltr'>ordinis.</span> <span class='ocrx_word' id='word_1_47' title='bbox 1119 825 1255 856; x_wconf 86' lang='lat' dir='ltr'>salutem</span> <span class='ocrx_word' id='word_1_48' title='bbox 1267 828 1299 856; x_wconf 85' lang='lat' dir='ltr'>et</span> <span class='ocrx_word' id='word_1_49' title='bbox 1311 825 1518 866; x_wconf 80' lang='lat' dir='ltr'>apostolicam</span> <span class='ocrx_word' id='word_1_50' title='bbox 1531 823 1795 857; x_wconf 81' lang='lat' dir='ltr'>benedictionem.</span> 
     </span>
    </p>

    <p class='ocr_par' dir='ltr' id='par_1_6' title="bbox 314 893 1800 1901">
     <span class='ocr_line' id='line_1_10' title="bbox 366 893 1796 936; baseline -0.002 -8"><span class='ocrx_word' id='word_1_51' title='bbox 366 896 448 928; x_wconf 86' lang='lat' dir='ltr'>Cum</span> <span class='ocrx_word' id='word_1_52' title='bbox 466 907 568 936; x_wconf 83' lang='lat' dir='ltr'>nuper</span> <span class='ocrx_word' id='word_1_53' title='bbox 584 894 771 926; x_wconf 81' lang='lat' dir='ltr'>duxerimus</span> <span class='ocrx_word' id='word_1_54' title='bbox 786 894 995 926; x_wconf 82' lang='lat' dir='ltr'>statuendum</span> <span class='ocrx_word' id='word_1_55' title='bbox 1013 899 1047 925; x_wconf 85' lang='lat' dir='ltr'>ut</span> <span class='ocrx_word' id='word_1_56' title='bbox 1064 893 1205 936; x_wconf 82' lang='lat' dir='ltr'>exempti</span> <span class='ocrx_word' id='word_1_57' title='bbox 1230 898 1491 936; x_wconf 77' lang='lat' dir='ltr'>quantacumque</span> <span class='ocrx_word' id='word_1_58' title='bbox 1513 893 1677 936; x_wconf 80' lang='lat' dir='ltr'>gaudeant</span> <span class='ocrx_word' id='word_1_59' title='bbox 1702 893 1796 926; x_wconf 83' lang='lat' dir='ltr'>liber-</span> 
     </span>
     <span class='ocr_line' id='line_1_11' title="bbox 322 961 1798 1004; baseline -0.001 -8"><span class='ocrx_word' id='word_1_60' title='bbox 322 970 388 997; x_wconf 77' lang='lat' dir='ltr'>tate</span> <span class='ocrx_word' id='word_1_61' title='bbox 411 964 640 996; x_wconf 80' lang='lat' dir='ltr'>nichilominus</span> <span class='ocrx_word' id='word_1_62' title='bbox 663 970 772 994; x_wconf 79' lang='lat' dir='ltr'>tamen</span> <span class='ocrx_word' id='word_1_63' title='bbox 795 962 919 994; x_wconf 80' lang='lat' dir='ltr'>ratione</span> <span class='ocrx_word' id='word_1_64' title='bbox 943 961 1051 994; x_wconf 84' lang='lat' dir='ltr'>delicti</span> <span class='ocrx_word' id='word_1_65' title='bbox 1075 973 1130 993; x_wconf 88' lang='lat' dir='ltr'>seu</span> <span class='ocrx_word' id='word_1_66' title='bbox 1154 966 1335 994; x_wconf 78' lang='lat' dir='ltr'>contractus</span> <span class='ocrx_word' id='word_1_67' title='bbox 1357 964 1415 994; x_wconf 80' lang='lat' dir='ltr'>aut</span> <span class='ocrx_word' id='word_1_68' title='bbox 1448 973 1482 994; x_wconf 83' lang='lat' dir='ltr'>re</span> <span class='ocrx_word' id='word_1_69' title='bbox 1517 962 1556 993; x_wconf 88' lang='lat' dir='ltr'>de</span> <span class='ocrx_word' id='word_1_70' title='bbox 1592 973 1656 1004; x_wconf 81' lang='lat' dir='ltr'>qua</span> <span class='ocrx_word' id='word_1_71' title='bbox 1688 966 1798 994; x_wconf 79' lang='lat' dir='ltr'>eontra</span> 
     </span>
     <span class='ocr_line' id='line_1_12' title="bbox 320 1031 1800 1076; baseline -0.002 -11"><span class='ocrx_word' id='word_1_72' title='bbox 320 1035 404 1076; x_wconf 85' lang='lat' dir='ltr'>ipsos</span> <span class='ocrx_word' id='word_1_73' title='bbox 419 1034 550 1076; x_wconf 84' lang='lat' dir='ltr'>agitur.</span> <span class='ocrx_word' id='word_1_74' title='bbox 570 1032 630 1064; x_wconf 83' lang='lat' dir='ltr'>rite</span> <span class='ocrx_word' id='word_1_75' title='bbox 645 1031 768 1074; x_wconf 81' lang='lat' dir='ltr'>possint</span> <span class='ocrx_word' id='word_1_76' title='bbox 791 1042 896 1063; x_wconf 80' lang='lat' dir='ltr'>eoram</span> <span class='ocrx_word' id='word_1_77' title='bbox 922 1032 1063 1063; x_wconf 85' lang='lat' dir='ltr'>locorum</span> <span class='ocrx_word' id='word_1_78' title='bbox 1088 1031 1257 1063; x_wconf 79' lang='lat' dir='ltr'>ordinariis</span> <span class='ocrx_word' id='word_1_79' title='bbox 1273 1031 1435 1063; x_wconf 80' lang='lat' dir='ltr'>conveniri</span> <span class='ocrx_word' id='word_1_80' title='bbox 1456 1057 1462 1063; x_wconf 87' lang='lat'>.</span> <span class='ocrx_word' id='word_1_81' title='bbox 1487 1034 1517 1062; x_wconf 88' lang='lat' dir='ltr'>et</span> <span class='ocrx_word' id='word_1_82' title='bbox 1542 1031 1591 1062; x_wconf 87' lang='lat' dir='ltr'>illi</span> <span class='ocrx_word' id='word_1_83' title='bbox 1614 1032 1719 1073; x_wconf 85' lang='lat' dir='ltr'>quoad</span> <span class='ocrx_word' id='word_1_84' title='bbox 1743 1031 1800 1063; x_wconf 87' lang='lat' dir='ltr'>heo</span> 
     </span>
     <span class='ocr_line' id='line_1_13' title="bbox 321 1099 1799 1143; baseline -0.002 -9"><span class='ocrx_word' id='word_1_85' title='bbox 321 1114 411 1135; x_wconf 76' lang='lat' dir='ltr'>snam</span> <span class='ocrx_word' id='word_1_86' title='bbox 438 1103 470 1134; x_wconf 92' lang='lat' dir='ltr'>in</span> <span class='ocrx_word' id='word_1_87' title='bbox 495 1102 579 1143; x_wconf 86' lang='lat' dir='ltr'>ipsos</span> <span class='ocrx_word' id='word_1_88' title='bbox 599 1100 856 1143; x_wconf 84' lang='lat' dir='ltr'>jurisdictionem</span> <span class='ocrx_word' id='word_1_89' title='bbox 872 1103 967 1142; x_wconf 84' lang='lat' dir='ltr'>prout</span> <span class='ocrx_word' id='word_1_90' title='bbox 989 1100 1044 1142; x_wconf 87' lang='lat' dir='ltr'>jus</span> <span class='ocrx_word' id='word_1_91' title='bbox 1066 1100 1169 1142; x_wconf 78' lang='lat' dir='ltr'>exigit</span> <span class='ocrx_word' id='word_1_92' title='bbox 1191 1111 1336 1132; x_wconf 81' lang='lat' dir='ltr'>exercere</span> <span class='ocrx_word' id='word_1_93' title='bbox 1361 1126 1366 1131; x_wconf 95' lang='lat'>.</span> <span class='ocrx_word' id='word_1_94' title='bbox 1393 1111 1448 1131; x_wconf 82' lang='lat' dir='ltr'>vos</span> <span class='ocrx_word' id='word_1_95' title='bbox 1470 1099 1656 1132; x_wconf 81' lang='lat' dir='ltr'>dubitantes</span> <span class='ocrx_word' id='word_1_96' title='bbox 1679 1111 1719 1132; x_wconf 87' lang='lat' dir='ltr'>ne</span> <span class='ocrx_word' id='word_1_97' title='bbox 1742 1111 1799 1143; x_wconf 85' lang='lat' dir='ltr'>per</span> 
     </span>
     <span class='ocr_line' id='line_1_14' title="bbox 321 1168 1797 1212; baseline -0.002 -8"><span class='ocrx_word' id='word_1_98' title='bbox 321 1171 582 1204; x_wconf 85' lang='lat' dir='ltr'>constitutionem</span> <span class='ocrx_word' id='word_1_99' title='bbox 605 1170 790 1212; x_wconf 84' lang='lat' dir='ltr'>hujusmodi</span> <span class='ocrx_word' id='word_1_100' title='bbox 808 1169 1010 1201; x_wconf 74' lang='lat' dir='ltr'>libertatibus</span> <span class='ocrx_word' id='word_1_101' title='bbox 1023 1172 1055 1201; x_wconf 83' lang='lat' dir='ltr'>et</span> <span class='ocrx_word' id='word_1_102' title='bbox 1070 1168 1330 1201; x_wconf 78' lang='lat' dir='ltr'>immunitatibus</span> <span class='ocrx_word' id='word_1_103' title='bbox 1346 1168 1435 1201; x_wconf 87' lang='lat' dir='ltr'>vobis</span> <span class='ocrx_word' id='word_1_104' title='bbox 1451 1172 1482 1201; x_wconf 88' lang='lat' dir='ltr'>et</span> <span class='ocrx_word' id='word_1_105' title='bbox 1499 1169 1605 1200; x_wconf 77' lang='lat' dir='ltr'>ordini</span> <span class='ocrx_word' id='word_1_106' title='bbox 1621 1171 1725 1201; x_wconf 85' lang='lat' dir='ltr'>vestro</span> <span class='ocrx_word' id='word_1_107' title='bbox 1741 1180 1797 1211; x_wconf 86' lang='lat' dir='ltr'>per</span> 
     </span>
     <span class='ocr_line' id='line_1_15' title="bbox 320 1237 1798 1283; baseline -0.001 -11"><span class='ocrx_word' id='word_1_108' title='bbox 320 1241 490 1283; x_wconf 76' lang='lat' dir='ltr'>privilegia</span> <span class='ocrx_word' id='word_1_109' title='bbox 511 1243 542 1271; x_wconf 88' lang='lat' dir='ltr'>et</span> <span class='ocrx_word' id='word_1_110' title='bbox 567 1239 788 1281; x_wconf 84' lang='lat' dir='ltr'>indulgentias</span> <span class='ocrx_word' id='word_1_111' title='bbox 812 1238 853 1270; x_wconf 84' lang='lat' dir='ltr'>ab</span> <span class='ocrx_word' id='word_1_112' title='bbox 878 1237 1051 1280; x_wconf 80' lang='lat' dir='ltr'>apostolica</span> <span class='ocrx_word' id='word_1_113' title='bbox 1078 1239 1150 1270; x_wconf 87' lang='lat' dir='ltr'>sede</span> <span class='ocrx_word' id='word_1_114' title='bbox 1175 1237 1328 1269; x_wconf 73' lang='lat' dir='ltr'>concessis</span> <span class='ocrx_word' id='word_1_115' title='bbox 1353 1237 1548 1280; x_wconf 73' lang='lat' dir='ltr'>prejudicari</span> <span class='ocrx_word' id='word_1_116' title='bbox 1574 1237 1678 1269; x_wconf 81' lang='lat' dir='ltr'>valeat</span> <span class='ocrx_word' id='word_1_117' title='bbox 1706 1237 1798 1270; x_wconf 83' lang='lat' dir='ltr'>nobis</span> 
     </span>
     <span class='ocr_line' id='line_1_16' title="bbox 321 1307 1797 1351; baseline -0.002 -9"><span class='ocrx_word' id='word_1_118' title='bbox 321 1309 487 1342; x_wconf 82' lang='lat' dir='ltr'>humiliter</span> <span class='ocrx_word' id='word_1_119' title='bbox 503 1309 704 1351; x_wconf 83' lang='lat' dir='ltr'>supplicastis</span> <span class='ocrx_word' id='word_1_120' title='bbox 721 1334 727 1339; x_wconf 83' lang='lat'><strong>.</strong></span> <span class='ocrx_word' id='word_1_121' title='bbox 746 1312 782 1339; x_wconf 89' lang='lat' dir='ltr'>ut</span> <span class='ocrx_word' id='word_1_122' title='bbox 798 1307 931 1350; x_wconf 78' lang='lat' dir='ltr'>proinde</span> <span class='ocrx_word' id='word_1_123' title='bbox 948 1319 1042 1350; x_wconf 87' lang='lat' dir='ltr'>super</span> <span class='ocrx_word' id='word_1_124' title='bbox 1058 1307 1117 1339; x_wconf 84' lang='lat' dir='ltr'>hoe</span> <span class='ocrx_word' id='word_1_125' title='bbox 1140 1307 1369 1348; x_wconf 82' lang='lat' dir='ltr'>indempnitati</span> <span class='ocrx_word' id='word_1_126' title='bbox 1392 1309 1497 1339; x_wconf 85' lang='lat' dir='ltr'>vestre</span> <span class='ocrx_word' id='word_1_127' title='bbox 1522 1310 1657 1349; x_wconf 77' lang='lat' dir='ltr'>paterna</span> <span class='ocrx_word' id='word_1_128' title='bbox 1682 1307 1797 1339; x_wconf 82' lang='lat' dir='ltr'>solliei-</span> 
     </span>
     <span class='ocr_line' id='line_1_17' title="bbox 322 1367 1798 1418; baseline -0.003 -7"><span class='ocrx_word' id='word_1_129' title='bbox 322 1379 435 1411; x_wconf 78' lang='lat' dir='ltr'>tudine</span> <span class='ocrx_word' id='word_1_130' title='bbox 452 1389 644 1410; x_wconf 82' lang='lat' dir='ltr'>ouraremns.</span> <span class='ocrx_word' id='word_1_131' title='bbox 670 1377 757 1412; x_wconf 74' lang='lat' dir='ltr'>Quia</span> <span class='ocrx_word' id='word_1_132' title='bbox 772 1388 847 1408; x_wconf 86' lang='lat' dir='ltr'>vero</span> <span class='ocrx_word' id='word_1_133' title='bbox 863 1377 1008 1418; x_wconf 85' lang='lat' dir='ltr'>ejusdem</span> <span class='ocrx_word' id='word_1_134' title='bbox 1025 1376 1146 1408; x_wconf 86' lang='lat' dir='ltr'>ordinis</span> <span class='ocrx_word' id='word_1_135' title='bbox 1159 1387 1247 1408; x_wconf 80' lang='lat' dir='ltr'>sacra</span> <span class='ocrx_word' id='word_1_136' title='bbox 1259 1375 1373 1418; x_wconf 86' lang='lat' dir='ltr'>religio</span> <span class='ocrx_word' id='word_1_137' title='bbox 1389 1375 1432 1407; x_wconf 84' lang='lat' dir='ltr'>sie</span> <span class='ocrx_word' id='word_1_138' title='bbox 1445 1387 1500 1408; x_wconf 87' lang='lat' dir='ltr'>vos</span> <span class='ocrx_word' id='word_1_139' title='bbox 1512 1376 1599 1417; x_wconf 81' lang='lat' dir='ltr'>apud</span> <span class='ocrx_word' id='word_1_140' title='bbox 1612 1367 1669 1408; x_wconf 83' lang='lat' dir='ltr'>nos</span> <span class='ocrx_word' id='word_1_141' title='bbox 1681 1376 1798 1418; x_wconf 81' lang='lat' dir='ltr'>dignos</span> 
     </span>
     <span class='ocr_line' id='line_1_18' title="bbox 322 1444 1795 1487; baseline -0.002 -7"><span class='ocrx_word' id='word_1_142' title='bbox 322 1449 430 1480; x_wconf 81' lang='lat' dir='ltr'>favore</span> <span class='ocrx_word' id='word_1_143' title='bbox 443 1447 609 1479; x_wconf 72' lang='lat' dir='ltr'>constituit</span> <span class='ocrx_word' id='word_1_144' title='bbox 625 1450 662 1478; x_wconf 90' lang='lat' dir='ltr'>ut</span> <span class='ocrx_word' id='word_1_145' title='bbox 678 1445 769 1478; x_wconf 85' lang='lat' dir='ltr'>nobis</span> <span class='ocrx_word' id='word_1_146' title='bbox 784 1445 935 1477; x_wconf 84' lang='lat' dir='ltr'>nocivum</span> <span class='ocrx_word' id='word_1_147' title='bbox 951 1445 1068 1477; x_wconf 79' lang='lat' dir='ltr'>existat</span> <span class='ocrx_word' id='word_1_148' title='bbox 1084 1456 1139 1477; x_wconf 90' lang='lat' dir='ltr'>vos</span> <span class='ocrx_word' id='word_1_149' title='bbox 1154 1445 1195 1477; x_wconf 83' lang='lat' dir='ltr'>ab</span> <span class='ocrx_word' id='word_1_150' title='bbox 1219 1444 1367 1477; x_wconf 86' lang='lat' dir='ltr'>omnibus</span> <span class='ocrx_word' id='word_1_151' title='bbox 1391 1456 1448 1487; x_wconf 84' lang='lat' dir='ltr'>per</span> <span class='ocrx_word' id='word_1_152' title='bbox 1469 1456 1531 1487; x_wconf 86' lang='lat' dir='ltr'>que</span> <span class='ocrx_word' id='word_1_153' title='bbox 1551 1444 1639 1477; x_wconf 84' lang='lat' dir='ltr'>vobis</span> <span class='ocrx_word' id='word_1_154' title='bbox 1667 1447 1795 1487; x_wconf 80' lang='lat' dir='ltr'>possent</span> 
     </span>
     <span class='ocr_line' id='line_1_19' title="bbox 314 1513 1797 1560; baseline -0.002 -11"><span class='ocrx_word' id='word_1_155' title='bbox 314 1517 480 1560; x_wconf 85' lang='lat' dir='ltr'>provenire</span> <span class='ocrx_word' id='word_1_156' title='bbox 496 1515 664 1558; x_wconf 77' lang='lat' dir='ltr'>dispendia</span> <span class='ocrx_word' id='word_1_157' title='bbox 681 1516 839 1546; x_wconf 84' lang='lat' dir='ltr'>immunes</span> <span class='ocrx_word' id='word_1_158' title='bbox 854 1514 969 1546; x_wconf 86' lang='lat' dir='ltr'>libenti</span> <span class='ocrx_word' id='word_1_159' title='bbox 981 1515 1089 1546; x_wconf 83' lang='lat' dir='ltr'>animo</span> <span class='ocrx_word' id='word_1_160' title='bbox 1102 1525 1283 1555; x_wconf 82' lang='lat' dir='ltr'>preservare</span> <span class='ocrx_word' id='word_1_161' title='bbox 1295 1514 1485 1545; x_wconf 79' lang='lat' dir='ltr'>auctoritate</span> <span class='ocrx_word' id='word_1_162' title='bbox 1498 1513 1588 1546; x_wconf 86' lang='lat' dir='ltr'>vobis</span> <span class='ocrx_word' id='word_1_163' title='bbox 1599 1514 1797 1555; x_wconf 84' lang='lat' dir='ltr'>presentium</span> 
     </span>
     <span class='ocr_line' id='line_1_20' title="bbox 323 1581 1795 1628; baseline -0.003 -10"><span class='ocrx_word' id='word_1_164' title='bbox 323 1586 530 1628; x_wconf 81' lang='lat' dir='ltr'>indulgemus</span> <span class='ocrx_word' id='word_1_165' title='bbox 545 1593 581 1616; x_wconf 84' lang='lat' dir='ltr'>ut</span> <span class='ocrx_word' id='word_1_166' title='bbox 597 1584 758 1616; x_wconf 75' lang='lat' dir='ltr'>occasione</span> <span class='ocrx_word' id='word_1_167' title='bbox 774 1583 1012 1616; x_wconf 78' lang='lat' dir='ltr'>constitutionis</span> <span class='ocrx_word' id='word_1_168' title='bbox 1027 1582 1214 1625; x_wconf 85' lang='lat' dir='ltr'>hujusmodi</span> <span class='ocrx_word' id='word_1_169' title='bbox 1234 1582 1361 1614; x_wconf 86' lang='lat' dir='ltr'>nullum</span> <span class='ocrx_word' id='word_1_170' title='bbox 1388 1582 1508 1614; x_wconf 87' lang='lat' dir='ltr'>eisdem</span> <span class='ocrx_word' id='word_1_171' title='bbox 1535 1581 1740 1614; x_wconf 84' lang='lat' dir='ltr'>libertatibus</span> <span class='ocrx_word' id='word_1_172' title='bbox 1762 1585 1795 1614; x_wconf 87' lang='lat' dir='ltr'>et</span> 
     </span>
     <span class='ocr_line' id='line_1_21' title="bbox 323 1651 1796 1695; baseline -0.003 -8"><span class='ocrx_word' id='word_1_173' title='bbox 323 1653 583 1687; x_wconf 75' lang='lat' dir='ltr'>immunitatibus</span> <span class='ocrx_word' id='word_1_174' title='bbox 599 1654 807 1695; x_wconf 80' lang='lat' dir='ltr'>imposterum</span> <span class='ocrx_word' id='word_1_175' title='bbox 823 1652 1039 1695; x_wconf 83' lang='lat' dir='ltr'>prejudicium</span> <span class='ocrx_word' id='word_1_176' title='bbox 1055 1655 1234 1694; x_wconf 84' lang='lat' dir='ltr'>generetur.</span> <span class='ocrx_word' id='word_1_177' title='bbox 1283 1651 1376 1683; x_wconf 83' lang='lat' dir='ltr'>Nulli</span> <span class='ocrx_word' id='word_1_178' title='bbox 1393 1663 1470 1694; x_wconf 85' lang='lat' dir='ltr'>ergo</span> <span class='ocrx_word' id='word_1_179' title='bbox 1484 1652 1615 1683; x_wconf 89' lang='lat' dir='ltr'>omnino</span> <span class='ocrx_word' id='word_1_180' title='bbox 1627 1651 1796 1684; x_wconf 87' lang='lat' dir='ltr'>hominum</span> 
     </span>
     <span class='ocr_line' id='line_1_22' title="bbox 324 1721 1794 1765; baseline -0.003 -9"><span class='ocrx_word' id='word_1_181' title='bbox 324 1725 417 1757; x_wconf 71' lang='lat' dir='ltr'>liceat</span> <span class='ocrx_word' id='word_1_182' title='bbox 434 1724 514 1755; x_wconf 81' lang='lat' dir='ltr'>hanc</span> <span class='ocrx_word' id='word_1_183' title='bbox 531 1722 683 1765; x_wconf 77' lang='lat' dir='ltr'>pagiuam</span> <span class='ocrx_word' id='word_1_184' title='bbox 700 1725 807 1753; x_wconf 85' lang='lat' dir='ltr'>nostre</span> <span class='ocrx_word' id='word_1_185' title='bbox 823 1721 1033 1753; x_wconf 79' lang='lat' dir='ltr'>concessionis</span> <span class='ocrx_word' id='word_1_186' title='bbox 1047 1721 1224 1763; x_wconf 77' lang='lat' dir='ltr'>infringere</span> <span class='ocrx_word' id='word_1_187' title='bbox 1241 1721 1290 1752; x_wconf 85' lang='lat' dir='ltr'>vel</span> <span class='ocrx_word' id='word_1_188' title='bbox 1306 1721 1334 1752; x_wconf 89' lang='lat' dir='ltr'>ei</span> <span class='ocrx_word' id='word_1_189' title='bbox 1352 1732 1431 1753; x_wconf 82' lang='lat' dir='ltr'>ausu</span> <span class='ocrx_word' id='word_1_190' title='bbox 1447 1722 1616 1752; x_wconf 82' lang='lat' dir='ltr'>temerario</span> <span class='ocrx_word' id='word_1_191' title='bbox 1628 1721 1794 1753; x_wconf 75' lang='lat' dir='ltr'>contraire.</span> 
     </span>
     <span class='ocr_line' id='line_1_23' title="bbox 324 1789 1797 1835; baseline -0.002 -10"><span class='ocrx_word' id='word_1_192' title='bbox 324 1794 431 1835; x_wconf 79' lang='lat' dir='ltr'>Siquis</span> <span class='ocrx_word' id='word_1_193' title='bbox 455 1796 562 1824; x_wconf 79' lang='lat' dir='ltr'>autem</span> <span class='ocrx_word' id='word_1_194' title='bbox 587 1791 644 1823; x_wconf 86' lang='lat' dir='ltr'>hoe</span> <span class='ocrx_word' id='word_1_195' title='bbox 671 1794 863 1832; x_wconf 82' lang='lat' dir='ltr'>attemptare</span> <span class='ocrx_word' id='word_1_196' title='bbox 886 1790 1113 1833; x_wconf 84' lang='lat' dir='ltr'>presumpserit</span> <span class='ocrx_word' id='word_1_197' title='bbox 1135 1790 1391 1832; x_wconf 79' lang='lat' dir='ltr'>indignationem</span> <span class='ocrx_word' id='word_1_198' title='bbox 1420 1789 1649 1831; x_wconf 83' lang='lat' dir='ltr'>omnipotentis</span> <span class='ocrx_word' id='word_1_199' title='bbox 1675 1789 1739 1822; x_wconf 87' lang='lat' dir='ltr'>Dei</span> <span class='ocrx_word' id='word_1_200' title='bbox 1764 1791 1797 1822; x_wconf 79' lang='lat' dir='ltr'>et</span> 
     </span>
     <span class='ocr_line' id='line_1_24' title="bbox 324 1858 1528 1901; baseline -0.003 -8"><span class='ocrx_word' id='word_1_201' title='bbox 324 1862 490 1893; x_wconf 77' lang='lat' dir='ltr'>beatorum</span> <span class='ocrx_word' id='word_1_202' title='bbox 510 1860 613 1891; x_wconf 66' lang='lat' dir='ltr'>l&#39;n&#39;rssl</span> <span class='ocrx_word' id='word_1_203' title='bbox 632 1862 661 1890; x_wconf 70' lang='lat' dir='ltr'>et</span> <span class='ocrx_word' id='word_1_204' title='bbox 680 1858 789 1890; x_wconf 65' lang='lat' dir='ltr'>PAULI</span> <span class='ocrx_word' id='word_1_205' title='bbox 808 1860 1022 1901; x_wconf 76' lang='lat' dir='ltr'>apostolorum</span> <span class='ocrx_word' id='word_1_206' title='bbox 1040 1858 1111 1901; x_wconf 86' lang='lat' dir='ltr'>ejus</span> <span class='ocrx_word' id='word_1_207' title='bbox 1127 1870 1159 1890; x_wconf 84' lang='lat' dir='ltr'>se</span> <span class='ocrx_word' id='word_1_208' title='bbox 1176 1858 1299 1889; x_wconf 79' lang='lat' dir='ltr'>noverit</span> <span class='ocrx_word' id='word_1_209' title='bbox 1316 1858 1528 1890; x_wconf 79' lang='lat' dir='ltr'>incursurum.</span> 
     </span>
    </p>

    <p class='ocr_par' dir='ltr' id='par_1_7' title="bbox 325 1926 1790 2044">
     <span class='ocr_line' id='line_1_25' title="bbox 366 1926 1790 1963; baseline -0.003 0"><span class='ocrx_word' id='word_1_210' title='bbox 366 1931 489 1963; x_wconf 76' lang='lat' dir='ltr'>Datum</span> <span class='ocrx_word' id='word_1_211' title='bbox 526 1928 566 1960; x_wconf 60' lang='lat' dir='ltr'>Lx</span> <span class='ocrx_word' id='word_1_212' title='bbox 582 1939 689 1960; x_wconf 71' lang='lat' dir='ltr'>enum</span> <span class='ocrx_word' id='word_1_213' title='bbox 716 1953 722 1959; x_wconf 91' lang='lat'><strong>.</strong></span> <span class='ocrx_word' id='word_1_214' title='bbox 748 1939 816 1959; x_wconf 83' lang='lat' dir='ltr'>111J.</span> <span class='ocrx_word' id='word_1_215' title='bbox 851 1940 951 1960; x_wconf 78' lang='lat' dir='ltr'>nonas</span> <span class='ocrx_word' id='word_1_216' title='bbox 983 1928 1108 1960; x_wconf 74' lang='lat' dir='ltr'>Marcii.</span> <span class='ocrx_word' id='word_1_217' title='bbox 1170 1926 1381 1958; x_wconf 79' lang='lat' dir='ltr'>Pontificatus</span> <span class='ocrx_word' id='word_1_218' title='bbox 1419 1927 1520 1958; x_wconf 79' lang='lat' dir='ltr'>nostri</span> <span class='ocrx_word' id='word_1_219' title='bbox 1553 1938 1638 1959; x_wconf 84' lang='lat' dir='ltr'>anno</span> <span class='ocrx_word' id='word_1_220' title='bbox 1668 1931 1790 1959; x_wconf 77' lang='lat' dir='ltr'>octavo.</span> 
     </span>
     <span class='ocr_line' id='line_1_26' title="bbox 325 1997 609 2044; baseline -0.011 -13"><span class='ocrx_word' id='word_1_221' title='bbox 325 2000 362 2044; x_wconf 76' lang='lat'>[4</span> <span class='ocrx_word' id='word_1_222' title='bbox 379 1999 470 2031; x_wconf 51' lang='lat' dir='ltr'>Min.</span> <span class='ocrx_word' id='word_1_223' title='bbox 499 1997 609 2040; x_wconf 57' lang='lat'>1251]</span> 
     </span>
    </p>

    <p class='ocr_par' dir='ltr' id='par_1_8' title="bbox 319 2063 1793 2239">
     <span class='ocr_line' id='line_1_27' title="bbox 366 2063 1793 2106; baseline -0.004 -6"><span class='ocrx_word' id='word_1_224' title='bbox 366 2069 434 2100; x_wconf 83' lang='lat' dir='ltr'>Nos</span> <span class='ocrx_word' id='word_1_225' title='bbox 451 2067 563 2100; x_wconf 71' lang='lat' dir='ltr'>Gmno</span> <span class='ocrx_word' id='word_1_226' title='bbox 580 2068 813 2098; x_wconf 46' lang='lat' dir='ltr'>lammah-sm</span> <span class='ocrx_word' id='word_1_227' title='bbox 830 2090 836 2097; x_wconf 97' lang='lat'>.</span> <span class='ocrx_word' id='word_1_228' title='bbox 854 2070 885 2097; x_wconf 83' lang='lat' dir='ltr'>et</span> <span class='ocrx_word' id='word_1_229' title='bbox 902 2065 1049 2098; x_wconf 72' lang='lat' dir='ltr'>JAcossus</span> <span class='ocrx_word' id='word_1_230' title='bbox 1062 2064 1310 2097; x_wconf 63' lang='lat' dir='ltr'>Rosmmmffis</span> <span class='ocrx_word' id='word_1_231' title='bbox 1329 2090 1334 2095; x_wconf 90' lang='lat'>.</span> <span class='ocrx_word' id='word_1_232' title='bbox 1353 2063 1414 2095; x_wconf 84' lang='lat' dir='ltr'>Dei</span> <span class='ocrx_word' id='word_1_233' title='bbox 1427 2064 1533 2106; x_wconf 84' lang='lat' dir='ltr'>gratia</span> <span class='ocrx_word' id='word_1_234' title='bbox 1554 2063 1692 2106; x_wconf 76' lang='lat' dir='ltr'>episcopi</span> <span class='ocrx_word' id='word_1_235' title='bbox 1714 2064 1793 2095; x_wconf 81' lang='lat' dir='ltr'>vidi-</span> 
     </span>
     <span class='ocr_line' id='line_1_28' title="bbox 320 2131 1791 2178; baseline -0.003 -9"><span class='ocrx_word' id='word_1_236' title='bbox 320 2150 390 2170; x_wconf 86' lang='lat' dir='ltr'>mus</span> <span class='ocrx_word' id='word_1_237' title='bbox 405 2142 437 2168; x_wconf 84' lang='lat' dir='ltr'>et</span> <span class='ocrx_word' id='word_1_238' title='bbox 460 2137 633 2178; x_wconf 73' lang='lat' dir='ltr'>diligenter</span> <span class='ocrx_word' id='word_1_239' title='bbox 657 2135 853 2177; x_wconf 79' lang='lat' dir='ltr'>inspeximus</span> <span class='ocrx_word' id='word_1_240' title='bbox 878 2160 884 2166; x_wconf 92' lang='lat'><strong><em>.</em></strong></span> <span class='ocrx_word' id='word_1_241' title='bbox 910 2134 1126 2176; x_wconf 79' lang='lat' dir='ltr'>Privilegium</span> <span class='ocrx_word' id='word_1_242' title='bbox 1150 2133 1272 2165; x_wconf 86' lang='lat' dir='ltr'>domini</span> <span class='ocrx_word' id='word_1_243' title='bbox 1297 2132 1501 2164; x_wconf 63' lang='lat' dir='ltr'>lxsocmwrn</span> <span class='ocrx_word' id='word_1_244' title='bbox 1527 2131 1615 2173; x_wconf 81' lang='lat' dir='ltr'>Pape</span> <span class='ocrx_word' id='word_1_245' title='bbox 1641 2157 1647 2162; x_wconf 95' lang='lat'>.</span> <span class='ocrx_word' id='word_1_246' title='bbox 1674 2131 1791 2167; x_wconf 72' lang='lat' dir='ltr'>Quarti</span> 
     </span>
     <span class='ocr_line' id='line_1_29' title="bbox 319 2199 1790 2239; baseline -0.005 0"><span class='ocrx_word' id='word_1_247' title='bbox 319 2219 383 2239; x_wconf 80' lang='lat' dir='ltr'>non</span> <span class='ocrx_word' id='word_1_248' title='bbox 400 2205 611 2238; x_wconf 61' lang='lat' dir='ltr'>cancellatum</span> <span class='ocrx_word' id='word_1_249' title='bbox 630 2230 634 2235; x_wconf 96' lang='lat'>.</span> <span class='ocrx_word' id='word_1_250' title='bbox 654 2216 717 2235; x_wconf 87' lang='lat' dir='ltr'>non</span> <span class='ocrx_word' id='word_1_251' title='bbox 738 2203 895 2235; x_wconf 74' lang='lat' dir='ltr'>abolitum</span> <span class='ocrx_word' id='word_1_252' title='bbox 914 2229 919 2234; x_wconf 92' lang='lat'><em>.</em></span> <span class='ocrx_word' id='word_1_253' title='bbox 940 2214 1003 2234; x_wconf 90' lang='lat' dir='ltr'>nou</span> <span class='ocrx_word' id='word_1_254' title='bbox 1020 2203 1168 2234; x_wconf 69' lang='lat' dir='ltr'>abrasum</span> <span class='ocrx_word' id='word_1_255' title='bbox 1187 2228 1192 2233; x_wconf 92' lang='lat'><em>.</em></span> <span class='ocrx_word' id='word_1_256' title='bbox 1211 2202 1264 2233; x_wconf 64' lang='lat' dir='ltr'>sed</span> <span class='ocrx_word' id='word_1_257' title='bbox 1290 2201 1384 2232; x_wconf 75' lang='lat' dir='ltr'>verbo</span> <span class='ocrx_word' id='word_1_258' title='bbox 1408 2201 1449 2232; x_wconf 79' lang='lat' dir='ltr'>ad</span> <span class='ocrx_word' id='word_1_259' title='bbox 1474 2199 1605 2231; x_wconf 79' lang='lat' dir='ltr'>verbum</span> <span class='ocrx_word' id='word_1_260' title='bbox 1623 2199 1790 2231; x_wconf 66' lang='lat' dir='ltr'>continens</span> 
     </span>
    </p>
   </div>
   <div class='ocr_carea' id='block_1_6' title="bbox 318 2267 1792 2315">
    <p class='ocr_par' dir='ltr' id='par_1_9' title="bbox 318 2267 1792 2315">
     <span class='ocr_line' id='line_1_30' title="bbox 318 2267 1792 2315; baseline -0.003 -11"><span class='ocrx_word' id='word_1_261' title='bbox 318 2275 425 2306; x_wconf 77' lang='lat' dir='ltr'>omniu</span> <span class='ocrx_word' id='word_1_262' title='bbox 442 2273 586 2315; x_wconf 61' lang='lat' dir='ltr'>superius</span> <span class='ocrx_word' id='word_1_263' title='bbox 602 2283 749 2314; x_wconf 57' lang='lat' dir='ltr'>expressa</span> <span class='ocrx_word' id='word_1_264' title='bbox 766 2272 941 2303; x_wconf 75' lang='lat' dir='ltr'>seeundum</span> <span class='ocrx_word' id='word_1_265' title='bbox 957 2272 1042 2313; x_wconf 69' lang='lat' dir='ltr'>quod</span> <span class='ocrx_word' id='word_1_266' title='bbox 1059 2271 1092 2302; x_wconf 84' lang='lat' dir='ltr'>in</span> <span class='ocrx_word' id='word_1_267' title='bbox 1110 2270 1248 2313; x_wconf 82' lang='lat' dir='ltr'>presenti</span> <span class='ocrx_word' id='word_1_268' title='bbox 1266 2269 1385 2312; x_wconf 74' lang='lat' dir='ltr'>pagina</span> <span class='ocrx_word' id='word_1_269' title='bbox 1402 2269 1592 2300; x_wconf 77' lang='lat' dir='ltr'>continetur.</span> <span class='ocrx_word' id='word_1_270' title='bbox 1642 2267 1681 2300; x_wconf 91' lang='lat' dir='ltr'>In</span> <span class='ocrx_word' id='word_1_271' title='bbox 1699 2267 1792 2309; x_wconf 81' lang='lat' dir='ltr'>cujus</span> 
     </span>
    </p>
   </div>
  </div>
 </body>
</html>
