1998 2724
290 149 352 180 352

922 329 1044 362 OGOL.

245 412 614 444 CONFIRMATION
662 412 727 444 BY
774 412 872 444 THE
914 411 1153 445 COUNTESS
1194 412 1431 445 ISABELLA
1469 413 1528 445 OF
1567 413 1725 446 LANDS

523 481 625 513 AND
650 481 938 514 PRIVILEGES
962 481 1020 513 To
1045 481 1254 514 MARGAM
1278 482 1451 515 ABBEY.

783 562 959 605 [MARGAM
985 562 1180 606 CHARTER]
1463 563 1547 596 Sum
1572 564 1677 597 DATO.

287 646 398 678 Sciant
437 658 547 678 omnes
585 652 651 678 tam
686 650 850 688 presentes
881 657 978 688 quam
1009 646 1113 678 11111111
1144 647 1230 689 quod
1261 658 1320 689 ego
1352 646 1535 679 YSABELLA
1563 647 1722 679 comitissa

242 715 476 748 GLoncnsTRm
515 721 546 747 et
587 715 733 747 Essnxm
771 715 804 746 in
840 714 941 747 libera
973 715 1130 748 viduitate
1161 727 1232 747 mea
1262 716 1337 747 dedi
1367 718 1400 748 et
1430 716 1565 748 concessi
1598 719 1629 748 et
1664 717 1721 748 hac

241 785 383 827 presenti
413 787 501 816 carta
534 796 603 817 mea
635 785 821 816 confirmavi
852 784 923 817 Deo
955 787 986 817 et
1017 785 1146 817 ecclesie
1170 785 1262 817 beate
1287 785 1408 817 MAROE
1434 787 1473 818 de
1505 786 1657 818 MARGAN
1691 791 1721 818 et

240 854 405 886 monachis
422 854 540 886 ibidem
559 854 628 886 Deo
645 854 858 886 servientibus
875 865 932 896 pro
948 855 1051 886 salute
1066 866 1136 886 mee
1152 858 1183 886 et
1199 858 1435 887 antecessorum
1450 857 1482 886 et
1506 866 1719 887 successorum

239 934 384 955 meorum
400 926 433 955 et
456 923 579 955 domini
605 923 730 955 comitis
755 922 927 955 GALFRmI
956 923 995 955 de
1021 923 1245 955 MANDEVILI,'
1270 924 1433 965 quondam
1458 924 1565 955 mariti
1594 924 1656 956 mei
1684 925 1718 956 in

238 1003 352 1033 puram
385 995 415 1024 et
447 994 637 1034 perpetuam
668 992 876 1024 elemosinam
902 993 959 1024 has
983 995 1083 1024 terras
1108 993 1142 1024 in
1170 993 1263 1025 feodo
1291 994 1330 1024 de
1361 992 1543 1025 KENEFEG.
1590 993 1719 1026 Scilicet

236 1065 337 1093 totam
360 1066 478 1093 terram
500 1061 687 1093 PEITEVINI
709 1073 765 1103 per
781 1062 900 1093 divisas
916 1073 988 1094 suas
1005 1073 1077 1094 cum
1094 1062 1299 1104 pertinenciis
1315 1063 1400 1101 suis;
1425 1065 1457 1094 et
1473 1065 1575 1094 totam
1598 1066 1717 1095 terram

239 1131 395 1162 Hmoms
412 1131 450 1163 de
468 1130 664 1163 Ham-:FORD
681 1142 753 1163 cum
777 1131 983 1173 pertinenciis
1005 1132 1069 1163 suis
1092 1134 1124 1163 et
1147 1134 1248 1163 totam
1272 1135 1391 1164 terram
1415 1131 1635 1165 WALENSIUM
1657 1144 1715 1175 pro

236 1212 299 1242 qua
323 1200 467 1232 solebant
498 1201 631 1232 reddere
657 1200 827 1232 annuatim
853 1201 990 1243 triginta
1018 1201 1097 1232 duos
1122 1200 1238 1233 solidos
1260 1200 1387 1233 ballivis
1410 1202 1450 1233 de
1473 1201 1656 1233 KENEFEG'
1685 1205 1717 1233 61,

234 1273 335 1301 totam
352 1272 470 1301 terrain
488 1270 528 1301 de
546 1269 787 1302 HEVEDHALOG
803 1270 887 1301 inter
904 1270 983 1301 duas
1006 1281 1105 1312 aquas
1129 1270 1247 1302 scilicet
1271 1269 1453 1302 KENEFEG'
1476 1273 1508 1302 et
1526 1296 1713 1303 ........

234 1338 413 1370 Habendas
429 1342 461 1370 et
477 1340 633 1371 tenendas
649 1339 688 1371 de
704 1350 755 1371 me
773 1342 804 1370 et
822 1339 994 1371 heredibus
1009 1339 1089 1371 meis
1112 1339 1340 1381 inperpetuum
1365 1339 1463 1371 libere
1485 1342 1517 1372 et
1542 1341 1648 1382 quiete
1673 1341 1714 1372 ab

234 1408 321 1439 omni
355 1408 487 1440 servicio
511 1408 743 1440 consuetudine
768 1412 800 1440 et
826 1410 993 1440 exaccione
1021 1408 1103 1439 sicut
1128 1408 1194 1439 ulla
1221 1408 1394 1440 elemosina
1418 1409 1519 1440 libere
1547 1412 1579 1441 et
1607 1410 1713 1451 quiete

234 1480 338 1519 potest
350 1478 460 1509 teneri.
488 1476 639 1509 Preterea
649 1477 757 1509 remisi
767 1478 812 1509 eis
823 1480 855 1509 et
865 1477 1011 1519 quietum
1022 1477 1157 1509 clamavi
1167 1478 1394 1519 inperpetuum
1404 1480 1510 1510 totum
1520 1478 1714 1511 forinsecum

231 1547 400 1578 servicium
417 1548 456 1578 de
474 1546 568 1578 feodo
585 1547 623 1578 de
649 1546 828 1578 LANGEWY
853 1547 886 1578 in
911 1547 1060 1578 omnibus
1083 1558 1144 1588 que
1168 1547 1209 1578 ad
1239 1558 1289 1578 me
1319 1547 1367 1579 vel
1394 1547 1526 1580 heredes
1553 1559 1639 1580 meos
1663 1548 1714 1581 vel

231 1618 443 1647 antecessores
460 1616 499 1647 de
516 1617 627 1647 eodem
645 1616 776 1648 servicio
793 1616 958 1658 pertinent
972 1616 1023 1648 vel
1048 1615 1207 1658 pertinere
1232 1615 1387 1656 solebant,
1412 1619 1518 1658 preter
1542 1617 1711 1650 dimidiam

232 1696 372 1716 marcam
404 1685 532 1726 argenti
557 1697 654 1726 quam
681 1684 845 1728 sol[ebant
872 1685 1020 1728 reddere]
1051 1696 1108 1727 pro
1135 1686 1223 1717 omni
1248 1685 1404 1718 forinseco
1429 1686 1560 1718 servicio
1587 1687 1627 1718 ad
1655 1698 1712 1718 nos

232 1754 413 1795 pertinente
445 1781 448 1785 .
481 1755 644 1786 reddendo
674 1755 843 1786 annuatim
872 1754 953 1786 mihi
981 1757 1013 1786 et
1045 1753 1216 1787 heredibus
1243 1755 1321 1787 meis
1338 1780 1474 1786 ......
1495 1755 1646 1788 Preterea
1671 1757 1710 1788 de

230 1822 379 1855 omnibus
396 1823 588 1855 tenementis
604 1835 665 1865 que
683 1823 802 1866 prefati
818 1823 967 1856 monachi
993 1826 1106 1856 tenent
1131 1824 1170 1856 de
1196 1823 1304 1855 liberis
1329 1824 1514 1856 hominibus
1538 1825 1617 1856 meis
1642 1828 1709 1856 tam

229 1891 387 1924 militibus
415 1903 513 1934 quam
541 1892 612 1924 aliis
640 1895 745 1925 totum
773 1893 968 1925 forinsecum
995 1892 1163 1924 servicium
1190 1893 1303 1925 militis
1330 1893 1394 1925 sive
1421 1894 1582 1926 venatoris
1605 1894 1654 1926 vel
1679 1894 1708 1925 al

229 1986 364 1992 ......
383 1962 550 1993 servientis
568 1987 573 1992 .
594 1987 599 1992 .
620 1987 625 1993 .
646 1987 651 1993 .
671 1987 677 1993 .
697 1987 704 1993 .
724 1963 809 2004 quod
826 1963 867 1994 ad
883 1966 1095 1994 antecessores
1111 1973 1197 1994 meos
1220 1962 1379 2004 pertinere
1402 1962 1523 1994 solebat
1547 1963 1597 1995 vel
1621 1965 1707 2005 quod

227 2031 268 2062 ad
285 2042 335 2062 me
353 2031 401 2062 vel
420 2031 552 2062 heredes
568 2042 655 2063 meos
679 2032 818 2074 pertinet
834 2031 955 2063 eisdem
983 2031 1148 2063 monachis
1172 2031 1313 2063 relaxavi
1340 2035 1372 2062 et
1399 2032 1546 2074 quietum
1573 2032 1708 2064 clamavi

225 2100 462 2142 inperpetuum.
512 2100 662 2133 Preterea
691 2101 765 2133 dedi
791 2101 911 2133 eisdem
933 2100 1098 2133 monachis
1119 2101 1153 2132 in
1182 2103 1370 2144 perpetuam
1392 2101 1598 2133 elemosinam
1623 2113 1707 2134 com-

223 2180 356 2201 munem
373 2172 535 2211 pasturam
554 2170 587 2201 in
604 2174 671 2202 toto
689 2170 822 2202 marisco
839 2181 910 2202 mco
926 2170 967 2202 ad
984 2170 1213 2202 occidentalem
1230 2173 1354 2212 partem
1371 2170 1446 2202 ville
1469 2171 1509 2202 de
1533 2170 1704 2203 KAaRmF.

225 2237 279 2269 Ita
306 2238 391 2279 quod
420 2250 477 2280 pro
503 2238 641 2280 singulis
673 2239 831 2281 capitibus
857 2239 1047 2271 animalium
1075 2249 1205 2271 suorum
1224 2263 1436 2270 .........
1457 2239 1555 2270 michi
1571 2240 1707 2271 reddent
