1998 2724
389 184 453 216 584

345 354 416 375 eam
432 343 530 376 libere
546 346 578 376 et
593 344 700 385 quiete
717 343 757 376 ab
773 343 861 376 omui
877 343 1008 375 servicio
1031 342 1165 375 seculari
1182 368 1188 374 .
1206 343 1436 375 consuetudine
1459 346 1490 375 et
1514 342 1679 375 exactione
1704 368 1710 374 .
1737 342 1818 375 sicut

344 413 411 445 ulla
426 413 599 445 elemosina
614 412 746 445 liberius
760 412 863 444 teneri
878 414 992 454 potest.
1040 411 1086 444 Et
1101 422 1161 454 ego
1177 414 1209 444 et
1231 411 1363 444 heredes
1385 412 1447 444 mei
1471 411 1751 444 warantizabimus
1773 411 1818 444 eis

343 482 521 524 predictam
537 486 655 514 terram
673 508 679 513 .
698 485 808 513 eontra
824 492 934 513 omnes
949 481 1104 513 homines.
1151 480 1230 513 Hiis
1244 480 1387 513 testibus.

386 549 590 583 Εῑιῒὶῖκὲὰ-ι
603 550 699 583 Carta
716 549 851 582 Roberti
867 550 908 582 de
924 549 1098 581 pennard?

626 618 684 639 This«
699 618 769 639 Mons
782 617 907 646 Rwlulphi
919 624 1023 646 appears
1035 617 1058 639 in
1071 617 1113 639 the
1124 617 1253 646 following
1265 617 1324 640 deed
1335 624 1362 639 as
1374 617 1538 640 Raulesdune.

1007 747 1154 781 DLVII.

342 829 505 862 GRANT
536 829 601 862 BY
634 829 864 869 WILLIAM,
900 829 988 862 SON
1019 829 1079 861 OF
1109 828 1273 862 ALGAR
1304 828 1405 862 AND
1444 828 1693 868 MARGERY,
1732 828 1814 862 HIS

449 891 588 931 WIFE,
619 891 679 924 OF
718 891 1046 924 RAULESDUNE
1085 890 1188 923 AND
1230 890 1554 924 FELLEWRTHI
1596 890 1653 923 ΤΟ
1694 890 1813 924 MAR-

450 953 553 986 GAM
583 953 755 986 ABBEY.

882 997 1057 1040 [MARGAM
1082 996 1275 1040 CHARTER]

382 1079 541 1112 Omnibus
564 1079 674 1112 Sancti
699 1081 811 1112 matris
827 1080 955 1112 ecclesie
979 1079 1054 1112 filiis
1076 1079 1277 1123 presentibus
1297 1082 1329 1111 et
1353 1079 1472 1111 futuris
1489 1079 1705 1113 W1LLELMUs
1728 1079 1813 1112 filius

337 1148 474 1181 AmAm
492 1151 524 1181 et
540 1161 622 1181 uxor
637 1149 708 1192 ejus
724 1149 917 1181 MARGERIA
933 1149 1079 1182 salutem.

381 1217 497 1250 Sciatis
512 1229 570 1250 nos
585 1218 772 1251 concessisse
788 1218 912 1250 dedisse
928 1219 960 1250 et
982 1217 1042 1250 hac
1067 1219 1153 1250 carta
1174 1221 1284 1249 nostra
1311 1217 1512 1249 confirmasse
1537 1216 1608 1249 Deo
1632 1221 1665 1249 et
1685 1217 1814 1249 ecclesie

336 1286 429 1319 beate
471 1286 592 1319 Minus
624 1287 663 1319 de
694 1287 849 1319 MARGAN
881 1298 907 1319 e.
934 1298 977 1319 m.
1009 1287 1030 1318 i.
1057 1286 1100 1320 D.
1126 1298 1148 1318 S.
1174 1289 1277 1319 totam
1299 1289 1418 1318 terram
1441 1290 1583 1318 nostram
1607 1297 1669 1328 que
1695 1286 1813 1319 dicitur

337 1355 572 1388 RAUIAESDUNE
588 1358 738 1388 ettotam
756 1360 874 1388 terram
897 1359 1039 1388 nostram
1066 1366 1128 1397 que
1152 1355 1270 1387 dicitur
1296 1354 1533 1387 FELLEWRTHI
1557 1366 1630 1387 oum
1663 1354 1812 1388 omnibus

334 1425 541 1467 pertinenciis
573 1425 740 1467 utriusque
763 1429 846 1457 terre
870 1425 904 1457 in
927 1436 1042 1468 puram
1074 1428 1104 1456 et
1137 1429 1325 1466 perpetuam
1358 1424 1565 1456 elemosinam
1599 1423 1735 1456 liberam
1775 1427 1806 1456 et

337 1493 461 1536 quitam
476 1493 516 1525 ab
533 1495 620 1526 omni
637 1495 772 1526 seculari
788 1494 919 1526 servicio
936 1494 1166 1526 consuetudine
1188 1497 1220 1525 et
1247 1493 1412 1526 exactione
1438 1493 1519 1525 sicut
1545 1493 1612 1525 ulla
1639 1493 1812 1525 elemosina

336 1562 467 1594 liberius
483 1563 584 1595 teneri
601 1566 714 1605 potest.
762 1563 807 1596 Et
831 1575 888 1595 nos
912 1565 943 1596 et
968 1563 1099 1596 heredes
1120 1562 1221 1594 nostri
1249 1561 1528 1594 warantizabimus
1552 1562 1596 1593 eis
1623 1561 1681 1594 heo
1704 1562 1813 1594 omnia

334 1633 443 1662 contra
460 1642 569 1663 omnes
593 1632 737 1664 homines
762 1632 795 1664 in
821 1635 1020 1674 perpetuum.
1067 1630 1113 1663 Et
1136 1631 1196 1663 hoe
1224 1630 1357 1663 fecimus
1384 1631 1428 1663 eis
1454 1631 1583 1672 quando
1613 1630 1811 1663 Gsmvmnus
1839 1642 1844 1655 ¹

335 1699 420 1731 filius
435 1702 543 1732 noster
560 1701 699 1733 reddidit
716 1713 747 1732 se
764 1701 913 1743 religioni
944 1701 1058 1733 domus
1073 1701 1112 1732 de
1130 1699 1293 1732 MARGAN.
1342 1699 1439 1742 H[iis
1454 1699 1618 1743 testibus}

360 1768 560 1801 Entitled—-‘
575 1769 673 1801 Carta
691 1769 850 1802 Willelmi
864 1770 920 1802 filii
938 1769 1055 1812 Algari
1072 1772 1103 1801 et
1120 1769 1227 1801 uxoris
1243 1768 1313 1810 ejus
1331 1768 1479 1810 Marge’.'

986 1911 1154 1944 DLVIII.

337 1990 499 2023 GRANT
538 1991 601 2023 BY
640 1992 841 2031 JORDAN,
873 1993 961 2025 SON
993 1993 1051 2025 OF
1089 1991 1248 2031 ASOER,
1280 1992 1382 2024 AND
1422 1990 1697 2029 GENOUEVA‚
1728 1989 1810 2022 HIS

382 2052 518 2092 WIFE,
551 2054 608 2087 TO
644 2055 854 2088 MARGAM
886 2055 1059 2095 ABBEY,
1091 2055 1150 2087 OF
1181 2054 1313 2087 LAND
1346 2054 1399 2086 IN
1436 2052 1769 2086 RAULESDUNE.

877 2131 1050 2172 [MARGAM
1082 2129 1277 2173 Οι-ιΑκΤεκ]

379 2204 537 2236 Omnibus
560 2205 677 2237 Sancte
700 2218 726 2238 e.
741 2207 764 2238 f.
778 2218 797 2238 a
813 2219 842 2248 q.
855 2219 885 2248 1).
904 2218 926 2238 s.
945 2206 1125 2248 pervenerit
1142 2205 1322 2238 Jomnxvs
1339 2205 1424 2237 filius
1439 2204 1551 2236 Asceu
1568 2208 1600 2236 et
1617 2202 1808 2235 GENOUBFA

337 2285 416 2305 uxor
431 2274 502 2316 ejus
519 2274 665 2307 salutem.

1838 1659 1841 1676 l
