1998 2724
1548 160 1610 190 413

176 328 208 356 et
223 325 333 365 postea
353 322 493 365 prefixus
516 324 563 353 est
579 321 624 353 eis
647 321 715 354 dies
738 322 778 353 ad
803 332 913 352 omnes
936 319 1139 362 exceptiones
1163 318 1329 350 dilatorias
1354 328 1415 359 que
1441 316 1500 348 sibi
1529 328 1653 358 compe-

175 394 280 425 terent
295 391 527 433 proponendas.
574 389 621 421 Et
637 402 707 422 ecee
723 390 853 422 interim
871 391 1021 432 operante
1037 388 1093 420 illo
1109 388 1165 430 qui
1182 387 1258 419 feeit
1273 389 1411 428 utraque
1427 397 1528 417 unum
1557 412 1561 416 .
1589 398 1652 428 pax

175 462 260 494 inter
275 463 382 503 partes
398 463 444 492 est
460 459 635 492 reformata
651 462 682 490 et
696 460 863 491 eoncordia
876 459 1072 490 confirmata.
1120 457 1174 489 Ita
1186 457 1305 489 seilicet
1317 457 1401 498 quod
1416 456 1631 498 prenominati
1648 482 1652 486 .

178 530 231 563 W.
249 534 280 561 et
304 530 362 561 filii
387 529 437 562 sui
459 540 569 561 omnes
594 528 776 570 questiones
801 534 831 559 et
858 527 1040 559 exactiones
1065 538 1159 568 super
1187 526 1279 558 terris
1304 528 1336 556 et
1361 525 1454 556 rebus
1480 525 1551 556 aliis
1576 536 1656 566 quas

175 599 358 631 habuerunt
397 599 567 630 adversum
598 598 731 629 domum
764 598 803 628 de
836 596 893 628 MA
901 608 989 627 RGAN
1022 596 1153 627 omnino
1184 595 1375 627 remiserunt
1407 620 1411 624 .
1442 594 1523 625 sieut
1550 594 1657 625 littere

177 669 351 700 eorundem
368 670 515 710 patentes
531 668 573 698 ad
593 678 650 698 nos
672 667 766 698 misse
792 669 1018 708 protestantur.
1067 665 1136 697 Nos
1158 668 1266 696 autem
1293 665 1374 695 hane
1406 664 1623 705 predictorum
1649 689 1654 694 .

178 737 232 770 W.
262 742 293 770 et
321 738 460 769 filiorum
493 748 622 768 suorum
654 742 686 768 et
717 737 829 767 domus
862 736 900 767 ‹le
928 735 1079 766 MARGAN
1108 734 1308 766 concordiam
1334 737 1366 766 et
1393 745 1503 775 pacem
1531 736 1658 775 gratam

177 807 331 840 habentes
374 833 378 838 .
419 808 452 838 et
489 808 593 838 ratam
623 806 657 836 in
696 809 856 847 posterum
896 805 962 835 fore
994 805 1136 835 volentes
1168 803 1274 845 sigilla
1304 806 1413 834 nostra
1440 802 1514 834 huic
1542 802 1658 844 seripto

177 877 384 919 apposuimus
407 876 442 907 in
464 875 695 908 testimonium.

223 944 301 977 Two
318 944 407 983 seals,
423 944 544 983 brown,
567 943 803 986 fragmentary.

228 1018 254 1046 l.
303 1014 399 1047 Peter
415 1015 454 1047 de
471 1014 619 1052 Oioester,
636 1012 730 1045 Dean
748 1012 782 1044 of
798 1011 911 1044 Wells.
959 1011 991 1043 A
1008 1011 1211 1043 fleur-de-lis.

588 1079 595 1092 ‘
612 1081 644 1112 4-
663 1086 700 1107 IN
718 1086 767 1106 ειη
788 1100 949 1105 .......
968 1085 1020 1106 sss
1045 1084 1237 1106 ROBERTUM.

224 1149 253 1179 2.
301 1146 466 1184 Lambert,
485 1145 647 1178 Subdean.
697 1144 760 1186 gin.
779 1144 876 1175 diam.
924 1144 1042 1185 Agnus
1059 1143 1130 1174 Dei.

687 1213 693 1223 ⁵
699 1233 808 1238 .....
828 1206 909 1238 AMB'
929 1218 1012 1238 sUssD
1032 1232 1142 1237 .....
1148 1206 1155 1219 ’

223 1278 292 1310 The
310 1278 375 1310 seal
391 1278 424 1310 of
439 1278 494 1310 the
512 1277 702 1309 Chanoessor
719 1275 859 1319 AUard]
880 1276 907 1307 is
924 1276 1068 1318 missing.

223 1347 445 1379 Endorsed—‘
457 1346 582 1378 Finalis
597 1346 785 1388 compositio
802 1346 886 1377 inter
904 1345 1036 1377 domum
1052 1345 1091 1376 de
1108 1344 1248 1387 Margan
1267 1348 1299 1376 et
1315 1345 1447 1376 domum
1467 1345 1506 1375 de
1530 1343 1564 1375 N
1568 1355 1634 1375 ETH
1655 1371 1659 1374 ,

179 1420 211 1449 et
227 1415 281 1448 W.
300 1416 493 1448 Pineernam
509 1418 541 1447 et
558 1415 599 1447 R.
617 1417 650 1446 et
665 1415 697 1447 J.
716 1415 797 1447 filios
813 1415 907 1456 ejuss

802 1560 1046 1593 OCCOXXIV.

179 1636 417 1670 MANDATE
456 1636 521 1668 BY
560 1636 769 1669 GILBERT
808 1637 872 1669 DE
902 1636 1068 1675 GLARE,
1100 1635 1230 1667 EARL
1262 1635 1321 1667 OF
1353 1634 1662 1667 GLOUOESTER

291 1699 392 1732 AND
438 1699 711 1739 HERTFORD,
758 1699 815 1731 To
863 1699 961 1732 THE
1000 1698 1209 1731 SHERIFF
1253 1697 1312 1729 OF
1350 1697 1661 1736 GLAMORGAN,

290 1762 422 1795 ΤΗ-ΔΤ
460 1761 559 1795 THE
604 1762 768 1795 MONKS
815 1762 874 1794 OF
919 1761 1130 1794 MARGAM
1174 1761 1273 1793 ΑΒΕ
1319 1760 1449 1793 ONLY
1495 1760 1553 1792 ΤΟ
1600 1760 1661 1792 ΒΕ

291 1824 573 1857 IMPLEADED
612 1824 801 1857 BEFORE
841 1825 937 1857 HIM
977 1825 1039 1857 ΟΒ
1076 1823 1159 1856 HIS
1198 1823 1416 1856 SHERIFF.

720 1899 895 1943 [MARGAM
928 1899 1121 1942 CHARTER]
1393 1899 1616 1930 1223—1230.

672 1975 861 2007 PROTEcrlo
893 1975 932 2007 G.
966 1986 1008 2007 DE
1040 1975 1165 2007 CLARE.

217 2045 256 2077 G.
284 2046 323 2076 de
349 2044 464 2077 CLARE
490 2055 594 2076 eomes
625 2044 835 2076 (hocasmm
866 2047 896 2076 et
930 2044 1159 2076 HERTFORDIE
1189 2071 1193 2075 .
1224 2044 1398 2075 vicecomiti
1440 2043 1659 2075 GLAMORGAN

181 2115 326 2147 salutem.

224 2182 307 2215 Cum
323 2182 472 2215 dominus
486 2184 594 2214 noster
609 2182 631 2214 J
633 2193 792 2213 OHANNES
807 2182 878 2214 Rex
895 2182 1034 2214 ANGLm
1045 2182 1099 2224 qui
1115 2184 1233 2213 terram
1251 2182 1290 2213 de
1312 2181 1531 2213 GLAMORGAN
1549 2180 1663 2213 habuit.

180 2252 341 2284 occasione
358 2251 515 2283 comitisse
531 2250 698 2282 ISABELLE
717 2277 722 2283 .
741 2254 910 2283 matertere
925 2254 1031 2283 nostre
1053 2262 1150 2293 quam
1171 2251 1419 2293 desponsaverat
1436 2277 1441 2282 .
1465 2249 1663 2292 prohibuerit
