1998 2724
1527 170 1590 201 345

153 333 276 366 Lixum,
301 359 308 365 .
334 332 490 375 magistro
514 331 708 364 Rsnumuo
735 331 871 364 MAizoc
897 357 904 363 .
934 330 1130 363 WILLELMO
1155 328 1280 361 Luem„
1309 353 1315 359 .
1340 327 1469 360 Tuom
1493 327 1604 360 clerico
1629 353 1635 359 .

156 403 317 435 Romano
334 401 468 433 SAMSON
487 427 493 432 .
512 401 603 434 Raso
620 400 719 433 Kocn
738 427 744 433 .
764 401 937 433 Gmmrmo
952 399 993 432 ab
1010 399 1228 431 KANMTHUR
1246 423 1251 428 .
1269 399 1302 429 et
1316 395 1429 429 multis
1444 396 1525 428 aliis.

198 471 280 510 Seal,
299 483 399 514 green
415 482 497 509 wax,
513 470 648 513 pointed
664 470 746 502 oval.
794 471 849 502 An
867 469 1068 502 ornamental
1084 466 1283 500 fleur-de-lis.

645 543 692 575 ‘÷
716 539 740 570 s'
758 550 915 571 mone-Am
940 564 946 570 .
972 549 1015 570 AB
1038 536 1142 569 omn?

196 610 419 642 Endorsed—‘
431 609 529 641 Carta
560 608 714 651 Morgani
746 608 805 640 filii
840 607 954 640 Oweni
988 608 1028 639 de
1062 605 1322 644 Hauodhaloch,’
1356 605 1421 636 and
1457 605 1491 636 in
1515 615 1534 635 a
1556 604 1638 636 later

152 679 384 722 handwriting,
403 678 514 711 ‘Circa
532 677 639 710 1215.'

793 795 1004 829 CCOXLIV.

177 873 339 907 GRANT
375 873 439 906 BY
479 872 658 912 PHILIP,
698 871 786 904 SON
834 871 893 903 OF
939 870 1190 911 WURKENI,
1229 870 1288 902 OF
1327 870 1421 903 TEN
1462 868 1614 901 ACRES

502 935 561 967 OF
600 934 734 967 LAND
773 934 830 966 To
870 933 1079 966 MARGAM
1118 932 1289 966 ABBEY.

618 1010 751 1054 [HARL.
777 1010 954 1049 ΟΗΑΚΤΕΒ,
974 1010 1015 1041 75
1040 1009 1082 1041 Β.
1100 1009 1171 1051 22.]

196 1086 307 1118 Sciant
322 1098 434 1119 omnes
449 1089 516 1119 tam
533 1091 696 1128 presentes
712 1097 810 1128 quam
826 1085 930 1118 futuri
947 1087 1033 1127 quod
1049 1096 1109 1128 ego
1134 1084 1325 1116 Pmmpns
1348 1083 1435 1116 filius
1452 1083 1634 1117 anmm

151 1155 227 1187 dedi
242 1155 352 1188 abbati
366 1159 399 1187 et
411 1154 576 1187 monachis
588 1156 628 1187 de
645 1155 799 1187 MARGAN
817 1155 851 1186 in
867 1157 1055 1197 perpetuam
1069 1153 1276 1186 elemosinam
1292 1152 1427 1185 liberam
1443 1156 1476 1185 et
1491 1152 1634 1195 quietam

153 1224 194 1265 ab
207 1224 294 1256 omni
310 1224 438 1257 servitio
455 1228 487 1257 et
502 1225 636 1257 seculari
653 1225 819 1256 exactione
837 1229 911 1256 xcem.
928 1235 1016 1256 acras
1038 1227 1121 1255 terre
1145 1223 1184 1255 de
1208 1225 1293 1254 terra
1310 1233 1406 1265 quam
1424 1233 1527 1254 comes
1543 1222 1634 1254 dedit

150 1293 231 1325 mihi·
256 1296 287 1325 et
311 1293 550 1336 aliquantulum
574 1305 610 1326 eo
634 1294 782 1336 amplius.
840 1293 967 1325 Scilicet
990 1293 1074 1325 inter
1098 1292 1184 1324 viam
1208 1304 1270 1334 que
1294 1292 1383 1324 vadit
1407 1292 1491 1323 inter
1514 1294 1633 1323 terram

151 1374 257 1394 meam
272 1367 305 1395 et
320 1365 439 1395 terram
455 1362 592 1395 PAGAM
610 1364 648 1395 de
673 1362 923 1395 TURBERVILLA
947 1366 979 1394 et
1002 1362 1158 1394 fossatum
1183 1362 1268 1403 quod
1285 1361 1451 1393 descendit
1466 1360 1506 1393 ab
1523 1360 1635 1392 eadem

151 1431 203 1463 via
220 1431 304 1463 inter
320 1435 439 1463 terram
454 1443 560 1464 meam
576 1435 608 1464 et
624 1436 743 1464 terram
762 1431 949 1464 WILLELMI
968 1431 1147 1463 SCURLAGE
1167 1441 1265 1472 usque
1282 1430 1322 1461 ad
1338 1432 1441 1461 metas
1456 1429 1490 1461 in
1503 1429 1634 1472 signum

149 1501 268 1543 positas
283 1501 317 1532 in
333 1501 468 1542 planitie
484 1501 631 1543 ejusdem
648 1501 752 1543 campi
768 1512 877 1533 versus
889 1502 1056 1539 orientem,
1071 1503 1102 1531 et
1118 1499 1193 1531 hinc
1203 1510 1303 1541 usque
1319 1499 1361 1530 ad
1372 1498 1537 1530 bosculum
1547 1500 1634 1530 recta

148 1570 234 1601 linea
260 1569 316 1612 qui
343 1573 389 1601 est
414 1570 447 1601 in
474 1570 627 1602 descensu
653 1581 761 1602 versus
789 1570 886 1602 aliam
914 1570 997 1601 viam
1023 1581 1084 1611 que
1112 1568 1200 1600 vadit
1223 1568 1308 1600 inter
1331 1571 1450 1600 terram
1471 1579 1576 1599 meam
1600 1570 1632 1599 et

148 1643 267 1671 terram
291 1638 478 1671 WILLELMI
504 1639 692 1671 SCURLAGE.
742 1639 840 1672 Hane
863 1642 965 1672 totam
988 1642 1108 1670 terram
1131 1638 1206 1670 dedi
1230 1637 1274 1670 eis
1298 1637 1332 1669 in
1355 1640 1441 1670 terra
1464 1636 1578 1668 arabili
1600 1639 1631 1669 et

149 1708 250 1750 pratis
273 1711 306 1740 et
328 1709 469 1740 morosis.
517 1708 637 1741 Testes.
661 1709 761 1741 frater
784 1709 946 1741 Romanus
971 1707 1153 1740 cellararius
1177 1708 1216 1739 de
1241 1706 1395 1738 MARGAN
1422 1733 1427 1738 .
1453 1706 1633 1738 JORDANUS

147 1780 179 1809 et
207 1777 382 1809 RchRDUS
409 1778 448 1809 de
487 1777 585 1809 BADA
624 1778 741 1810 fratres
765 1778 804 1810 de
833 1778 987 1810 MARGAN
1018 1804 1023 1809 .
1051 1777 1269 1809 (hiem-mres
1297 1776 1452 1818 presbiter
1473 1776 1513 1807 de
1536 1775 1632 1807 Novo

147 1846 318 1878 CASTELLO
336 1873 341 1877 .
364 1846 560 1879 WALTERUS
577 1847 741 1880 LAHELES
760 1873 765 1879 .
785 1847 1004 1879 NORMANNUS
1021 1847 1200 1889 prepositus
1218 1873 1222 1877 .
1243 1845 1425 1877 EILMERUS
1443 1845 1604 1888 palmerus
1623 1871 1627 1875 .

146 1915 330 1947 Conwmus
346 1916 385 1947 de
402 1915 501 1948 Novo
518 1915 690 1948 CASTELLO
708 1943 713 1948 .
735 1916 940 1949 Roomzmvs
956 1927 1055 1958 nepos
1070 1927 1169 1947 meus.

190 1985 223 2016 A
238 1984 372 2027 pointed
388 1984 461 2016 oval
478 1985 553 2024 scal,
571 1985 660 2027 214in.
678 1985 723 2027 by
742 1985 840 2027 Hgin,
857 1986 892 2017 in
908 1996 927 2016 a
943 1985 1006 2017 fine
1023 1984 1106 2025 style
1122 1984 1156 2016 of
1179 1983 1277 2023 work,
1294 1983 1328 2015 in
1345 1982 1458 2025 bright
1474 1983 1531 2015 red
1548 1994 1628 2014 wax.

148 2053 279 2092 Device,
296 2065 315 2085 a
330 2054 444 2085 dexter
459 2054 547 2086 hand
571 2055 636 2087 and
652 2066 732 2093 arm,
756 2054 881 2097 issuing
904 2044 989 2086 from
1011 2053 1066 2086 the
1090 2064 1205 2095 proper
1227 2052 1298 2092 lest,
1323 2051 1460 2095 holding
1483 2063 1502 2083 a
1524 2052 1630 2084 lanoe-

149 2122 224 2165 flag.

188 2191 378 2235 Legend——‘
396 2197 427 2228 -Ι-
449 2192 571 2224 snum]
590 2203 718 2225 F1L1PP1
737 2193 766 2224 1³¹
784 2192 976 2225 WURKEN1.'

189 2260 412 2292 Endorsed—‘
427 2260 523 2293 Carta
541 2260 688 2304 Philippi
703 2262 762 2294 filii
779 2261 948 2304 Gurgeni.’

299 2366 351 2392 21*
