1998 2724
1530 169 1593 200 513

844 425 960 458 DVII.

167 504 383 538 RELEASE
410 505 476 538 BY
503 505 602 538 THE
634 505 746 537 SONS
774 506 833 538 OF
862 506 1238 547 WASMIHANGEL,
1265 506 1324 539 OF
1355 505 1639 544 RUATHLAN,

272 574 374 607 AND
403 574 600 615 OTHERS,
626 575 686 607 OF
716 575 870 608 THEIR
899 575 1057 608 LANDS
1088 576 1143 609 IN
1174 575 1507 614 BRADINGTUN,
1530 574 1640 613 ETO„

274 643 331 676 ΤΟ
362 643 572 676 MARGAM
603 643 775 676 ABBEY.

635 725 767 769 [HARL.
787 726 962 767 CHARTER,
980 728 1021 759 75
1045 727 1086 759 D.
1106 727 1175 770 16.]
1372 727 1597 759 1240—1244.

210 807 321 840 Sciant
345 819 454 839 omnes
475 810 638 850 presentes
660 810 692 840 et
715 808 819 840 futuri
837 833 843 840 .
861 810 948 851 quod.
970 820 1029 841 nos
1049 835 1055 841 .
1076 810 1195 841 scilicet
1212 835 1218 841 .
1237 821 1297 852 ego
1318 809 1340 842 J
1342 808 1490 841 ORUARD'
1509 834 1515 840 .
1533 812 1565 841 et
1584 819 1644 851 ego

171 876 409 909 GNAYTHURUS
417 903 423 909 .
432 879 464 909 et
474 888 534 920 ego
545 876 720 909 CRAnocvs
732 904 738 910 .
751 880 782 909 et
792 889 852 921 ego
863 878 884 910 J
887 889 980 910 OHAN
989 905 994 910 .
1004 878 1063 910 filii
1071 878 1341 911 WASMIHANGEL
1353 905 1358 910 .
1372 880 1404 911 et
1414 890 1473 921 ego
1483 877 1626 910 MEURxc
1637 903 1644 909 .

167 948 201 977 et
216 957 276 988 ego
299 945 321 978 J
323 945 468 978 ORUARD'
486 946 545 978 filii
568 946 764 978 RUATHLAN
783 972 790 978 .
808 949 839 978 et
863 958 923 990 ego
940 947 1016 979 REU
1034 947 1120 980 filius
1143 947 1377 979 RIGGEUARHC
1394 973 1400 978 .
1417 947 1599 979 remisimus
1614 948 1647 979 et

169 1014 315 1057 quietum
330 1015 538 1047 clamavimus
557 1015 667 1047 domui
689 1016 729 1047 de
751 1015 909 1047 MARGAM
927 1041 932 1045 .
950 1016 984 1047 in
1009 1016 1216 1048 elemosinam
1239 1028 1297 1059 pro
1321 1016 1413 1048 nobis
1439 1019 1471 1048 et
1498 1015 1648 1048 omnibus

168 1083 340 1116 heredibus
355 1084 472 1116 nostris
489 1110 495 1115 .
513 1086 619 1117 totum
641 1085 793 1117 clamium
815 1087 961 1117 nostrum
985 1086 1024 1117 de
1047 1087 1131 1117 terra
1155 1086 1194 1117 de
1218 1085 1450 1117 BRADINGTUN
1470 1111 1475 1117 .
1494 1087 1525 1116 et
1541 1087 1647 1116 totum

170 1152 224 1195 jus
251 1153 336 1194 quod
362 1153 397 1185 in
424 1153 535 1185 eadem
563 1156 649 1186 terra
677 1165 734 1185 nos
761 1153 878 1186 habere
906 1154 1098 1186 dicebamus.
1146 1154 1193 1186 Et
1220 1154 1385 1186 sciendum
1412 1156 1459 1186 est
1482 1154 1568 1196 quod
1591 1165 1650 1186 nos

166 1221 347 1264 juravimus
373 1233 468 1265 super
494 1222 639 1255 tumbam
666 1222 777 1256 Sancti
805 1223 989 1255 THELIAWI
1015 1249 1021 1255 .
1047 1226 1079 1255 et
1105 1235 1200 1265 super
1227 1226 1425 1256 sacrosancta
1451 1223 1579 1255 ecclesie
1610 1223 1650 1254 de

171 1289 357 1322 LANDAVIA
374 1317 380 1322 .
403 1290 446 1323 In
457 1291 617 1334 presentia
630 1292 753 1324 domini
766 1292 905 1335 episcopi
917 1295 949 1324 et
962 1292 1095 1335 capituli
1108 1292 1353 1324 LANDAVENSIS
1365 1318 1371 1323 .
1383 1292 1652 1324 christianitatem

171 1359 270 1392 etiam
285 1362 427 1392 nostram
443 1360 477 1392 in
492 1360 658 1403 pleuinam
674 1361 709 1392 in
725 1373 840 1393 manus
856 1363 1031 1394 eorundem
1047 1362 1211 1404 posuimus
1230 1386 1235 1392 .
1253 1362 1339 1403 quod
1355 1372 1413 1393 nos
1433 1361 1490 1392 hec
1513 1361 1651 1393 fideliter

173 1432 205 1461 et
217 1429 286 1461 sine
298 1429 371 1461 dolo
383 1429 418 1461 in
429 1432 624 1472 perpetuum
637 1429 886 1463 observabimus.
933 1431 978 1463 Et
996 1431 1022 1463 si
1037 1431 1121 1463 forte
1137 1431 1253 1472 aliquis
1268 1433 1414 1462 nostrum
1432 1430 1481 1462 vel
1496 1430 1652 1462 heredum

177 1500 358 1530 nostrorum
381 1501 491 1530 contra
514 1498 637 1530 factum
659 1499 746 1531 istud
770 1500 821 1531 vel
843 1499 1065 1542 juramentum
1088 1499 1196 1531 venire
1219 1500 1425 1541 temptaverit
1444 1525 1449 1530 .
1468 1511 1578 1531 omnes
1597 1499 1653 1531 alii

176 1566 311 1599 viriliter
327 1566 458 1599 stabunt
477 1579 549 1599 cum
572 1568 736 1600 monachis
760 1594 764 1600 .
785 1572 896 1600 contra
912 1569 1026 1611 ipsum.
1074 1568 1231 1600 Similiter
1253 1579 1311 1600 nos
1334 1571 1367 1600 et,
1389 1579 1498 1600 omnes
1521 1568 1653 1600 heredes

172 1635 274 1668 nostri
290 1635 444 1668 faciemus
460 1638 570 1669 contra
585 1637 667 1670 filios
683 1637 835 1669 Rumssm
853 1637 913 1669 filii
930 1637 1058 1669 KANAF
1075 1640 1107 1669 et
1125 1637 1257 1670 heredes
1278 1649 1389 1670 eorum
1407 1664 1413 1669 .
1432 1638 1458 1670 si
1480 1637 1653 1669 monachos

173 1705 213 1736 de
244 1705 387 1747 predicta
416 1707 501 1737 terra
531 1706 699 1738 molestare
729 1707 990 1749 presumpserint.
1043 1706 1088 1738 Et
1119 1706 1284 1738 sciendum
1316 1707 1401 1748 quod
1431 1717 1504 1738 cum
1535 1705 1652 1748 aliquis

172 1776 318 1805 nostrum
341 1773 523 1816 ubicunque
547 1775 598 1807 vel
625 1776 882 1818 quandocunque
909 1775 1024 1808 obierit
1048 1802 1054 1807 .
1080 1776 1107 1807 si
1134 1787 1246 1818 corpus
1272 1775 1340 1817 ejus
1367 1787 1386 1806 a
1414 1775 1479 1807 suis
1506 1775 1651 1807 delatum

172 1842 272 1874 fuerit
309 1843 351 1874 ad
389 1843 551 1876 abbatiam
582 1870 588 1876 .
620 1844 666 1877 ibi
703 1845 874 1886 sepelietur
907 1845 970 1877 nisi
1000 1844 1101 1876 fuerit
1131 1844 1326 1876 nominatim
1357 1844 1651 1876 excommunicatus

171 1911 223 1943 vel
252 1911 443 1944 interdictus
467 1938 473 1943 .
498 1912 549 1945 Ut
579 1915 688 1946 autem
721 1913 779 1945 hec
809 1916 880 1946 rata
910 1916 942 1946 et
969 1913 1096 1945 illibata
1121 1914 1156 1945 in
1183 1917 1375 1955 perpetuum
1402 1916 1613 1956 permaneant
1641 1938 1647 1944 .

175 1980 217 2012 ad
242 1980 431 2022 petitionem
458 1983 600 2014 nostram
629 1982 773 2025 sigillum
800 1982 939 2025 episcopi
957 2008 963 2014 .
981 1985 1012 2014 et
1040 1981 1174 2024 capituli
1200 1981 1549 2013 LANnAvENS1s.una
1576 1993 1649 2014 cum

174 2049 289 2091 sigillis
318 2049 435 2082 nostris
463 2075 468 2081 .
497 2050 632 2083 fecimus
662 2051 790 2094 apponi.
837 2051 915 2083 Hiis
945 2050 1081 2083 testibus
1108 2076 1114 2082 .
1143 2050 1274 2082 domino
1303 2076 1309 2082 .
1342 2050 1394 2082 W.
1422 2050 1648 2082 LANDAVENSI

173 2118 320 2161 episcopo
345 2144 351 2150 .
376 2118 552 2151 MAnmcm
575 2119 797 2153 archidiacono
822 2146 828 2152 .
854 2120 1048 2153 Rmumno
1079 2119 1215 2152 MAILoc
1243 2146 1248 2151 .
1277 2119 1458 2152 NIOHOLAO
1482 2119 1614 2152 Gomon
1640 2144 1647 2151 .

171 2187 274 2220 Yuon
297 2187 336 2219 de
359 2187 581 2220 PENmUEmN
606 2189 766 2221 canonicis
790 2215 796 2221 .
821 2189 976 2232 magistro
992 2189 1159 2222 JOHANNE
1174 2201 1310 2232 persona
1325 2190 1364 2220 de
1380 2188 1614 2221 LANDRIERID’
1639 2214 1646 2220 .

171 2255 363 2288 Rmmmvno
390 2257 431 2288 de
458 2255 586 2288 Suum
611 2283 617 2289 .
641 2256 818 2290 WALTERO
845 2257 934 2290 PAm
960 2283 966 2290 .
990 2258 1168 2291 WALTERO
1192 2283 1199 2290 .
1224 2257 1414 2290 Cosmnrm
1443 2283 1449 2289 .
1479 2257 1580 2289 HosL
1607 2258 1648 2290 ab

323 2362 376 2388 31³
