1998 2724
1549 149 1613 180 267

834 308 1001 341 COLXX.

179 396 343 430 GRANT
385 394 450 428 BY
490 392 780 432 WALAVETH,
819 392 908 425 SON
950 391 1009 423 OF
1049 389 1271 423 WILLIAM
1314 389 1661 429 GILLEMICHEL,

287 465 344 498 To
369 463 580 496 MARGAM
603 461 777 501 ABBEY,
803 461 861 493 OF
885 460 1018 493 LAND
1045 459 1104 492 OF
1130 459 1212 492 HIS
1241 458 1367 490 FREE
1397 457 1663 490 TENEMENT

286 534 349 567 AT
376 532 602 566 KENEFIG.

725 575 899 618 [MARGAM
924 573 1118 616 CHARTER]

222 661 392 694 Universis
415 660 532 692 Sancte
555 658 683 690 ecclesie
707 658 781 689 filiis
805 658 859 700 qui
883 659 1062 699 presentem
1086 657 1213 689 kartam
1236 656 1435 698 inspexerint
1458 655 1664 689 WALAvE'rH

182 731 267 763 filius
282 730 472 762 WiLLELMi
497 726 778 769 GILLEMICH[EL]
798 727 942 758 salutem.

226 799 352 832 Notum
376 798 512 830 facimus
539 796 741 829 universitati
771 800 872 828 vestre
901 808 958 828 nos
987 796 1111 827 dedisse
1136 821 1141 826 .
1167 798 1199 826 et
1228 794 1414 826 concessisse
1439 820 1445 826 .
1471 796 1503 826 et
1530 793 1671 836 presenti

184 870 277 901 karta
299 870 408 899 nostra
432 867 632 898 confirmasse
655 866 726 898 Deo
750 868 781 897 et
801 865 893 897 beate
915 865 1035 896 Mnus
1057 868 1088 896 et
1109 864 1273 896 monachis
1296 865 1335 895 de
1359 863 1514 895 MARGAN
1539 863 1670 895 consilio

184 941 217 970 et
241 949 395 970 consensu
426 936 564 968 fratrum
591 946 736 967 meorum
763 938 793 966 et
821 935 995 966 amicorum
1023 937 1055 966 et
1085 937 1255 976 parentiun
1284 936 1381 966 vimm-
1402 944 1489 965 acras
1519 937 1602 964 terre
1633 933 1673 964 de

185 1007 284 1040 libero
306 1008 490 1038 tenemento
513 1016 583 1037 meo
601 1031 606 1036 .
626 1005 659 1036 in
684 1006 872 1047 perpetuam
896 1009 927 1036 et
950 1015 1064 1046 puram
1088 1003 1294 1035 elemosinam
1318 1003 1451 1035 liberam
1474 1005 1506 1034 et
1530 1002 1673 1044 quietam

187 1077 228 1108 ab
244 1076 330 1109 omni
346 1075 475 1108 sem‘tio
492 1078 523 1106 et
538 1074 670 1106 seeulari
688 1074 853 1105 exactione
869 1074 901 1105 in
920 1076 1110 1116 perpetuum
1130 1084 1267 1114 quarum
1289 1072 1436 1104 videlieet
1457 1083 1601 1103 aoranun
1625 1082 1671 1103 vs.

188 1149 221 1178 et
235 1145 371 1178 dimidia
385 1145 494 1187 jacent
509 1144 604 1186 juxta
620 1144 691 1175 illas
708 1146 806 1176 vimm-
817 1155 904 1175 acras
921 1155 999 1185 quas
1015 1148 1106 1185 pater
1122 1154 1211 1174 meus
1227 1142 1444 1175 ⁷annmins
1460 1141 1524 1173 illis
1541 1141 1677 1173 eontulit

188 1215 223 1247 in
254 1214 468 1246 elemosinam.
532 1212 728 1254 Incipientes
763 1212 883 1244 scilieet
913 1224 932 1243 a
963 1224 1081 1254 inagna
1112 1212 1164 1243 via
1195 1224 1257 1254 que
1287 1211 1377 1243 vadit
1407 1212 1449 1243 ad
1479 1212 1585 1243 locum
1622 1210 1677 1252 qui

189 1284 306 1316 dieitur
322 1284 400 1315 villa
416 1283 549 1315 STURM]
573 1282 591 1313 a
614 1282 781 1314 KENEFEC
799 1308 804 1313 .
823 1283 864 1313 ad
888 1287 1032 1313 austrum
1057 1282 1201 1323 ejusdem
1226 1281 1274 1312 vie
1293 1307 1298 1312 .
1317 1281 1485 1312 tendentes
1509 1291 1635 1312 sussum
1659 1292 1678 1311 a

190 1353 242 1385 via
265 1353 321 1384 illa
345 1354 503 1394 quantum
527 1351 713 1383 extenditur
730 1354 816 1383 terra
836 1350 964 1382 arabilis
982 1351 1014 1382 in
1032 1350 1269 1392 longitudinem
1288 1376 1292 1381 .
1312 1352 1343 1381 et
1359 1350 1392 1381 in
1410 1349 1615 1380 latitudinem
1634 1375 1639 1380 .
1660 1349 1678 1380 a

189 1422 300 1454 divisis
321 1433 382 1463 que
403 1421 466 1452 fixe
487 1423 563 1452 sunt
584 1421 625 1451 ad
647 1420 835 1452 orientalem
856 1423 980 1462 partem
999 1446 1003 1452 .
1023 1431 1122 1461 usque
1139 1420 1179 1451 ad
1196 1419 1313 1451 divisas
1331 1420 1429 1450 anm·
1445 1430 1590 1450 aerarum
1607 1429 1676 1459 pre-

190 1491 349 1523 dictarum
372 1501 450 1532 quas
474 1492 565 1531 pater
587 1500 677 1521 meus
700 1489 864 1521 monachis
881 1489 969 1521 (ledit
987 1516 993 1520 .
1012 1501 1081 1521 inea
1101 1492 1131 1520 et
1154 1489 1291 1520 fratrmn
1308 1499 1451 1519 meorum
1468 1487 1675 1519 concessione.

191 1560 290 1592 Porro
306 1571 378 1591 aera
393 1562 426 1590 et
441 1559 576 1590 dimidia
591 1559 700 1601 jacent
717 1560 758 1590 ad
773 1559 912 1590 australe
929 1559 1031 1600 capud
1048 1558 1221 1589 earundem
1240 1558 1336 1588 1-111ω
1352 1568 1498 1588 aerarum
1519 1558 1556 1588 ut
1577 1555 1678 1587 divise

190 1630 335 1661 indicant
357 1628 403 1660 ibi
426 1629 536 1671 posite.
585 1628 630 1659 Et
653 1628 679 1660 si
703 1629 789 1670 quod
812 1628 978 1660 servitium
1002 1628 1174 1669 aliquando
1198 1627 1281 1658 forte
1304 1626 1402 1658 fuerit
1425 1626 1614 1668 requisitum
1638 1626 1678 1656 «le

193 1698 252 1730 hae
267 1700 351 1730 terra
369 1724 375 1729 .
394 1709 453 1740 ego
474 1699 506 1729 et
526 1697 657 1729 heredes
678 1697 741 1729 mei
762 1698 845 1729 illud
868 1696 1126 1739 adquietabimus
1149 1708 1188 1728 ex
1211 1696 1338 1738 integro
1356 1721 1361 1727 .
1380 1697 1412 1727 et
1435 1698 1545 1727 eontra
1568 1699 1678 1726 omnes

191 1767 337 1799 homines
378 1770 447 1798 tam
488 1767 683 1808 propinquos
722 1769 845 1798 nostros
884 1777 980 1809 quam
1019 1768 1185 1797 extraneos
1223 1764 1387 1796 monachis
1424 1764 1558 1806 prefatis
1595 1763 1678 1794 hano

193 1835 400 1868 donationem
422 1837 565 1867 nostram
589 1835 874 1868 warentizabimus.
922 1836 968 1868 Et
995 1836 1053 1867 heo
1082 1834 1189 1866 omnia
1217 1845 1268 1865 me
1295 1834 1457 1865 facturum
1484 1836 1516 1864 et
1543 1832 1679 1864 fideliter

195 1905 436 1937 observaturum
455 1904 518 1936 fide
533 1908 565 1936 et
581 1905 778 1937 sacramento
799 1905 934 1937 firmavi.
982 1905 1081 1936 Porro
1102 1903 1251 1935 monaehi
1271 1914 1340 1934 mee
1360 1914 1478 1945 magne
1499 1901 1679 1933 necessitati

195 1973 425 2016 oompaoientes
457 1999 462 2004 .
496 1984 551 2005 xx.
583 1974 700 2006 solidos
736 1974 906 2007 karitative
941 1976 1097 2006 dederunt
1133 1973 1231 2005 miehi
1267 1974 1308 2004 ad
1343 1984 1395 2004 me
1425 1972 1679 2014 adquietandum

195 2054 304 2075 versus
320 2042 487 2074 dominum
511 2042 637 2084 Regem
661 2046 692 2074 et
714 2043 860 2085 justicias
879 2043 959 2086 ejus.
1007 2043 1072 2076 His
1094 2043 1229 2075 testibus
1247 2069 1252 2074 .
1270 2042 1468 2074 WILLELMO
1491 2041 1653 2072 cellarario
1671 2066 1677 2071 .

197 2114 229 2144 et
245 2111 441 2144 WILLELMO
457 2112 496 2142 de
517 2111 715 2144 Bnnnwmv'
732 2113 896 2145 monachis
916 2114 956 2144 de
976 2113 1131 2145 MARGAN
1151 2139 1157 2144 .
1176 2112 1289 2144 Fratre
1311 2110 1479 2143 Gonwmo
1500 2109 1654 2152 magistro
1672 2134 1680 2141 .

197 2184 229 2213 et
252 2180 408 2212 RicARno
435 2180 592 2212 conversis
617 2207 623 2212 .
649 2181 818 2213 ERNALDO
843 2181 1076 2214 constabulario
1104 2183 1144 2213 de
1171 2181 1339 2213 KENEFEC
1363 2206 1369 2212 .
1394 2180 1588 2212 ANARAUTT
1617 2178 1683 2209 filio

199 2249 416 2282 Kssnmrnnn
439 2249 479 2281 ab
509 2249 704 2281 HEREBERT
726 2276 732 2282 .
757 2249 982 2282 GESTALARDO
1003 2277 1009 2283 .
1032 2250 1248 2283 RETHEREGH
1272 2250 1338 2282 filio
1362 2249 1509 2282 omnm
1527 2274 1533 2280 .
1552 2247 1685 2279 CHEnic
