1998 2724
1530 165 1593 196 567

205 326 332 359 Scilicet
359 326 445 368 quod
469 325 555 357 dicta
573 327 659 356 terra
681 325 720 356 de
743 324 999 356 ENESGAUELEU
1020 335 1076 366 per
1099 323 1230 356 abbates
1253 324 1292 355 de
1318 323 1503 355 BILDEWAS
1521 349 1526 354 .
1545 325 1577 354 et
1601 324 1641 354 de

162 395 397 427 KINGESWODE
417 397 701 436 quantumcunque
726 394 840 426 melius
859 397 890 425 et
917 394 1017 425 utilus
1038 393 1106 425 fieri
1124 393 1242 435 poterit
1265 419 1270 424 .
1295 392 1329 424 in
1351 393 1431 423 duas
1455 392 1642 423 medietates

162 464 289 507 equales
319 463 481 495 dividetur
511 463 545 494 in
569 463 712 504 longum.
771 463 930 508 Medietas
953 474 1027 494 vero
1057 464 1139 494 terre
1166 461 1396 494 monachorum
1423 461 1462 492 de
1487 460 1642 492 MARGAN

160 532 369 575 propinquior
394 558 399 564 .
425 543 491 564 una
513 543 586 564 cum
609 543 693 573 aqua
708 532 748 563 de
771 531 875 563 Nam
899 532 1131 563 interciu'rente
1154 531 1230 572 ipsis
1253 530 1325 571 jure
1346 532 1499 572 perpetuo
1515 530 1643 571 pacifice

161 601 348 633 remanebit.
396 601 550 633 Monachi
565 611 640 632 vero
655 601 695 632 de
711 600 815 632 NETH
832 601 928 632 aliam
944 600 1150 631 medietatem
1166 599 1226 631 sibi
1242 599 1382 631 vicinam
1403 601 1556 641 perpetuo
1571 598 1644 640 jme

162 670 269 713 quiete
290 669 507 712 possidebunt.
555 669 609 702 Ita
633 670 718 711 quod
741 671 855 701 neutra
878 681 951 711 pars
974 670 1008 701 in
1024 669 1155 701 alterius
1178 669 1279 711 partis
1294 668 1466 700 medietate
1483 667 1543 700 sibi
1560 678 1642 699 com-

162 751 296 771 munam
319 738 510 771 vendicabit.
557 738 646 770 Dicti
670 750 744 770 vero
767 738 898 770 abbates
921 739 960 770 de
984 738 1169 770 BILDEWAs
1187 764 1192 769 .
1211 740 1242 769 et
1264 739 1303 769 de
1325 737 1561 769 KINGEswonE
1577 740 1644 768 tam

165 813 265 840 certas
277 810 309 839 et
321 808 483 839 evidentes
494 808 529 839 in
541 807 698 839 limitibus
714 807 798 838 dicte
814 807 978 839 divisionis
994 818 1050 849 per
1066 818 1118 838 eos
1134 806 1277 838 fatiende
1293 809 1393 838 metas
1410 806 1486 848 poni
1504 806 1621 838 satient
1634 832 1640 837 .

165 878 251 920 quod
270 888 436 919 nunquam
455 877 572 909 exinde
593 877 677 908 inter
700 877 811 908 domos
832 877 871 907 de
894 876 1052 908 MARGAM
1075 878 1107 907 et
1125 876 1229 908 NETH
1251 876 1376 918 questio
1391 876 1495 907 valeat
1519 875 1644 907 exoriri.

165 946 251 978 Item
291 973 296 978 .
331 948 489 988 quantum
528 946 568 977 ad
607 945 778 976 articulum
817 946 992 976 secundum
1030 946 1202 977 statuimus
1238 970 1244 976 .
1281 945 1367 986 quod
1402 945 1648 986 composiciones

166 1015 340 1058 diligenter
354 1015 565 1057 inspiciantur
584 1041 588 1046 .
607 1017 639 1046 et
653 1026 710 1056 per
725 1014 849 1047 (lictum
864 1014 1063 1056 prefatorum
1079 1015 1118 1045 de
1134 1014 1320 1045 BILDEWAs
1338 1040 1344 1046 .
1363 1016 1394 1045 et
1411 1014 1647 1046 chnswonn

166 1085 320 1116 abbatum
332 1085 518 1116 emendetur
535 1111 540 1116 .
560 1085 645 1126 quod
658 1087 768 1116 eontra
784 1084 868 1126 ipsas
881 1084 1126 1126 composiciones
1138 1083 1237 1114 fuerit
1249 1085 1487 1124 attemptatum.
1536 1083 1621 1115 Item
1640 1110 1644 1115 .

167 1155 325 1195 quantum
350 1154 391 1184 ad
416 1153 550 1185 tertium
576 1179 582 1184 .
609 1153 718 1185 taliter
745 1153 920 1185 diffinimus
947 1153 1033 1195 quod
1060 1164 1169 1184 omnes
1199 1163 1345 1184 rancores
1377 1178 1382 1184 .
1410 1152 1455 1184 ire
1482 1179 1487 1184 .
1517 1155 1548 1184 et
1575 1153 1648 1184 odia

165 1223 257 1264 siqua
277 1222 400 1253 fuerint
417 1248 423 1253 .
441 1222 543 1253 divini
562 1222 686 1254 timoris
704 1248 710 1253 .
728 1224 760 1253 et
781 1223 922 1253 fraterne
946 1222 1086 1253 caritatis
1108 1221 1230 1253 intuitu
1247 1246 1254 1253 .
1274 1221 1314 1253 ab
1335 1223 1471 1263 utraque
1492 1224 1582 1263 parte
1607 1222 1648 1253 ad

166 1292 303 1323 invicem
325 1291 540 1323 remittantur,
588 1291 676 1323 Pene
697 1303 771 1323 vero
792 1303 854 1333 que
870 1303 926 1333 pro
951 1291 1016 1323 suis
1041 1290 1220 1322 excessibus
1242 1294 1274 1321 et
1294 1290 1424 1332 injuriis
1444 1291 1485 1321 ad
1510 1290 1647 1322 invicem

165 1361 265 1394 illatis
290 1387 295 1393 .
320 1361 485 1393 monachis
508 1364 539 1392 et
570 1361 728 1392 conversis
758 1360 920 1402 aliquibus
951 1360 1117 1401 utriusque
1140 1360 1253 1391 domus
1279 1385 1284 1390 .
1310 1360 1439 1391 nomine
1470 1359 1646 1401 penitentie

165 1430 377 1472 infligentur.
396 1441 414 1461 a
430 1430 614 1461 memoratis
637 1430 677 1461 de
700 1429 885 1461 BILDEWAS
909 1432 940 1461 et
964 1429 1200 1461 leGEswonss
1223 1428 1394 1461 abbatibus
1417 1439 1489 1460 cum
1514 1429 1647 1470 provido

163 1499 362 1531 discretionis
384 1499 601 1531 moderamine
616 1499 815 1531 taxabantur
833 1525 838 1531 .
857 1502 889 1531 et
907 1502 1043 1540 utraque
1067 1510 1139 1540 pars
1160 1500 1227 1529 tam
1251 1498 1285 1529 in
1302 1498 1502 1539 suscipiendo
1518 1498 1645 1539 injunc-

163 1572 232 1600 tam
258 1568 469 1610 penitentiam
493 1594 499 1600 .
526 1579 622 1611 quam
653 1568 846 1610 perficiendo
873 1594 878 1599 .
908 1567 1073 1599 humiliter
1100 1566 1228 1599 obediat
1250 1593 1255 1598 .
1280 1566 1365 1598 Item
1391 1593 1396 1598 .
1421 1569 1578 1609 quantum
1606 1567 1647 1598 ad

162 1638 334 1670 articulum
362 1640 511 1679 quartum
542 1638 691 1669 volumus
721 1639 753 1668 et
783 1637 953 1669 statuimus
985 1636 1071 1678 quod
1101 1638 1215 1667 neutra
1246 1646 1319 1677 pars
1349 1636 1463 1667 amodo
1491 1636 1645 1666 seculares

162 1708 279 1739 excitet
296 1733 302 1739 .
320 1710 376 1738 aut
391 1706 525 1748 adjuvet
540 1707 574 1738 in
590 1706 774 1738 utriuslibet
790 1706 890 1748 partis
906 1706 1110 1747 dispendium
1132 1708 1164 1736 et
1180 1715 1354 1747 gravamen
1380 1731 1385 1736 .
1411 1704 1457 1736 Et*
1479 1705 1643 1736 soiendmn

161 1778 247 1818 quod
270 1778 310 1808 de
333 1787 486 1808 consensu
509 1776 650 1817 partium
674 1776 795 1807 dictum
819 1775 884 1806 fuit
906 1775 1154 1817 pronunciatum
1170 1773 1339 1805 arbitrimn
1364 1800 1369 1804 .
1395 1774 1494 1805 Anno
1511 1775 1614 1815 gratie
1637 1800 1640 1804 .

162 1851 208 1877 ΜΟ·
228 1850 281 1876 00⁰·
300 1850 363 1876 XL0·
385 1850 440 1876 1x0-
462 1872 465 1876 .
486 1844 522 1876 in
535 1844 671 1876 crastino
681 1844 848 1876 beatorum
858 1843 1075 1885 apostolorum
1086 1842 1194 1874 PE'rm
1208 1845 1239 1874 et
1256 1842 1366 1874 PAULI
1386 1868 1391 1874 .
1411 1844 1441 1873 et
1455 1842 1494 1874 ab
1507 1845 1642 1884 utraque

161 1916 252 1957 parte
268 1916 433 1956 gratanter
448 1916 620 1955 receptum.
668 1913 710 1945 In
726 1924 863 1955 quorum
880 1913 1023 1945 omnium
1040 1911 1136 1943 robur
1148 1914 1339 1953 perpetuum
1351 1915 1383 1943 et
1394 1911 1614 1943 testimoninm
1633 1937 1639 1942 .

160 1987 227 2016 tam
243 1995 301 2016 nos
317 1994 414 2025 quam
429 1983 513 2014 diete
528 1986 635 2025 partes
650 1983 790 2025 presenti
806 1982 923 2024 scripto
940 1982 1047 2023 sigilla
1063 1984 1172 2021 nostra
1184 1981 1390 2023 apposuimus
1408 2007 1413 2012 .
1432 1982 1472 2011 ad
1485 1981 1641 2021 majorem

162 2053 259 2084 etiam
291 2052 492 2084 securitatem
526 2052 677 2093 sepedicti
712 2052 752 2083 de
784 2051 970 2082 BumeAs
995 2054 1025 2081 et
1053 2049 1289 2081 KINGEswoDE
1317 2049 1446 2081 abbates
1477 2049 1600 2090 judices
1623 2062 1639 2081 a

161 2122 301 2164 capitulo
325 2120 466 2163 generali
489 2121 557 2152 dati
581 2145 588 2152 .
613 2121 653 2152 de
676 2119 809 2162 prefatis
833 2119 968 2161 querelis
994 2145 998 2149 .
1025 2118 1155 2150 Abbate
1178 2118 1218 2149 de
1248 2118 1524 2150 DUNECESWILLE
1546 2118 1640 2150 tertio

162 2191 284 2232 collega
299 2200 356 2221 suo
373 2215 379 2221 .
397 2191 555 2231 quantum
572 2189 613 2220 ad
625 2188 744 2220 dictam
761 2199 888 2220 causam
900 2199 932 2219 se
944 2186 1133 2219 litteratorie
1146 2189 1316 2218 excusante
1333 2211 1340 2218 .
1358 2186 1449 2218 nobis
1461 2186 1642 2218 assistentes

160 2262 193 2292 et
215 2258 338 2301 prefate
362 2257 621 2300 prommeiationi
644 2257 880 2289 consencientes
904 2267 969 2287 mia
991 2267 1065 2287 omn
1087 2254 1255 2287 co-abbate
1271 2257 1378 2287 nostro
1394 2255 1433 2286 de
1450 2254 1571 2287 GARno
1587 2255 1643 2297 qui
