1998 2724
1522 154 1584 185 427

157 320 279 353 habent
295 331 335 352 ex
350 320 434 351 dono
452 318 607 350 HENRmi
624 317 664 349 de
680 317 915 349 UMFRAVILLA
939 319 969 347 et
991 315 1146 347 heredum
1167 313 1238 355 ejus
1259 313 1344 355 apud
1366 311 1630 344 LANDMEUTHIN

157 393 188 422 et
206 389 451 421 BRADYNGTON.
499 387 607 421 Quare
623 387 695 417 volo
711 386 796 427 quod
812 384 931 427 prefati
946 383 1095 416 monachi
1106 382 1248 415 habeant
1262 384 1294 413 et
1310 384 1442 413 teneant
1454 380 1511 412 heo
1523 381 1632 412 omnia

158 459 255 492 libere
271 461 303 491 et
319 458 425 500 quiete
441 457 568 500 integre
584 458 616 487 et
632 455 773 498 plenarie
790 455 824 486 in
839 454 932 486 bosco
948 458 979 485 et
1003 454 1099 495 plano
1116 453 1148 484 in
1166 452 1226 484 viis
1242 454 1272 483 et
1290 450 1412 483 semitis
1427 451 1460 482 in
1482 451 1574 492 aquis
1600 452 1631 481 et

156 528 350 561 molendinis
369 527 404 559 in
424 526 554 558 vivariis
575 530 606 557 et
625 525 749 567 stagnis
768 524 801 555 in
823 524 920 556 moris
941 526 972 555 et
994 522 1136 554 mariscis
1157 522 1191 553 in
1212 520 1364 552 turbariis
1385 523 1416 552 et
1437 519 1580 562 piscariis
1598 519 1634 550 in

156 597 256 640 pratis
272 603 303 629 et
319 596 457 639 pasturis
473 599 503 627 et
520 595 669 627 omnibus
684 594 755 625 aliis
771 594 847 625 locis
863 596 893 625 et
910 592 1004 625 rebus
1020 603 1092 624 omn
1109 590 1257 623 omnibus
1268 589 1470 622 libertatibus
1481 592 1512 621 et
1524 588 1634 620 liberis

158 664 442 699 consuetudinibus
457 664 530 696 suis.
578 663 655 695 Hiis
670 662 806 695 testibus
821 665 879 695 etc.

727 732 762 760 (l)
797 732 978 759 WVassuliums
992 730 1059 753 MSS.

201 791 245 813 See
262 791 339 812 under
350 789 410 812 A.D.
425 790 480 811 1338
493 790 530 811 101·
542 795 573 810 nn
586 788 737 817 inspeximus
748 788 773 809 of
786 788 836 809 this
848 788 907 809 dced
920 787 988 808 when
1002 787 1026 808 in
1038 794 1051 808 a
1065 787 1127 808 form
1135 785 1234 813 dealing
1242 785 1300 807 with
1312 784 1405 812 :implet
1415 783 1564 812 111‘0pcrties;
1577 784 1625 804 and

167 820 246 843 Birch.
262 820 320 842 Hise.
337 821 367 848 qs
378 820 489 849 Margum
507 818 591 847 Abbay,
608 825 647 847 pp.
660 818 710 846 236,
723 818 772 840 237*

746 967 1047 1000 OOCOXXXVII.

159 1052 378 1086 RELEASE
429 1052 495 1085 BY
544 1051 672 1084 JOHN
723 1050 785 1083 LE
836 1048 1058 1082 NORREYS
1109 1048 1167 1081 ΤΟ
1220 1047 1319 1080 THE
1369 1045 1527 1079 ABBOT
1578 1045 1638 1078 OF

267 1121 478 1154 MARGAM
517 1121 576 1153 OF
613 1120 646 1153 A
686 1119 918 1153 VOUGHER
956 1118 1014 1151 ΤΟ
1053 1116 1334 1150 WARRANTY
1372 1116 1465 1148 FOR
1502 1114 1636 1147 LAND

267 1191 322 1224 IN
349 1189 758 1229 BOVEVILESTONE,
784 1188 839 1221 IN
870 1188 968 1220 THE
996 1187 1115 1220 TIME
1141 1187 1200 1218 OF
1226 1185 1383 1218 ABBOT
1415 1184 1634 1217 GILBERT.

617 1271 749 1315 [HARL.
776 1271 953 1309 ΟΗΑΒΤΕΒ,
978 1271 1018 1301 75
1043 1269 1077 1301 O.
1104 1268 1174 1312 38]
1364 1268 1589 1300 1226—1229.

202 1355 361 1388 Omnibus
376 1355 435 1387 hoe
452 1355 605 1396 scriptum
622 1354 736 1386 visuris
752 1353 803 1385 vel
820 1352 978 1385 audituris
996 1379 1001 1383 .
1020 1351 1093 1394 Ego
1109 1351 1131 1383 J
1134 1362 1292 1383 OHANNES
1308 1350 1338 1382 le
1359 1350 1392 1382 N
1396 1361 1523 1382 ORREYS
1543 1349 1636 1381 miles

153 1425 299 1457 salutem.

200 1493 337 1525 Noverit
352 1493 545 1525 universitas
560 1495 665 1524 vestra
689 1492 775 1534 quod
799 1503 871 1523 cum
895 1491 916 1523 J
919 1501 1078 1522 OHANNES
1099 1490 1184 1522 filius
1206 1489 1361 1521 HENmm
1387 1489 1426 1520 de
1453 1488 1634 1523 BONEVILE

157 1563 287 1606 petebat
302 1574 411 1595 versus
425 1574 477 1594 me
493 1562 732 1604 quinquaginta
747 1572 834 1593 acras
849 1564 932 1592 terre
950 1587 955 1592 .
974 1562 1006 1592 et
1021 1562 1091 1591 octo
1115 1570 1203 1591 acras
1226 1559 1311 1601 prati
1333 1569 1405 1590 cum
1430 1558 1634 1600 pertinentiis

156 1632 191 1664 in
207 1632 484 1664 BoNEvmsmNE
503 1657 508 1662 .
526 1633 564 1663 ut
578 1631 633 1673 jus
648 1642 743 1662 suum
758 1641 815 1672 per
830 1629 925 1662 breve
940 1629 1062 1661 domini
1086 1628 1297 1660 GILLEBERTI
1314 1628 1354 1658 de
1371 1627 1486 1659 CLARE
1508 1627 1634 1658 comitis

158 1701 391 1733 GLOUCESTRIE
407 1703 440 1732 et
455 1699 685 1732 HERTFORDIE
701 1699 736 1731 in
752 1699 907 1731 comitatu
923 1699 962 1730 de
979 1697 1118 1729 KERDIF
1137 1723 1142 1728 .
1160 1696 1207 1728 Et
1218 1708 1277 1739 ego
1290 1696 1312 1729 J
1314 1707 1474 1728 OHANNES
1487 1697 1526 1728 de
1539 1697 1632 1728 terris

155 1773 186 1802 et
202 1769 395 1802 tenementis
410 1781 519 1801 versus
533 1780 584 1801 me
608 1768 717 1811 petitis
740 1768 850 1800 vocavi
874 1768 915 1799 ad
941 1769 1121 1799 warantum
1144 1766 1395 1798 GILLEBERTUM
1417 1765 1565 1797 abbatem
1591 1765 1631 1797 de

155 1838 310 1870 MARGAN
327 1838 382 1880 qui
397 1838 478 1869 mihi
493 1838 527 1869 in
544 1839 655 1869 eadem
672 1837 760 1869 omia
776 1836 1001 1868 warantizavit
1018 1847 1075 1877 per
1089 1836 1228 1866 formam
1245 1834 1414 1876 cujusdam
1428 1834 1535 1876 scripti
1546 1834 1631 1865 inter

154 1907 318 1950 prefatum
333 1906 482 1939 abbatem
494 1910 526 1938 et
538 1917 589 1938 me
601 1907 689 1949 prius
700 1906 845 1938 confecti.
872 1905 946 1940 Qua
958 1905 1087 1947 quidem
1100 1904 1204 1936 forma
1217 1904 1271 1934 wlt
1288 1903 1382 1944 (vult)
1401 1928 1406 1934 .
1419 1904 1505 1945 quod
1521 1903 1547 1935 si
1557 1914 1627 1944 pre-

152 1977 237 2009 fatus
249 1975 347 2008 abbas
362 1987 418 2018 per
440 1976 628 2008 warantiam
651 1987 741 2007 suam
765 1975 891 2017 prefata
913 1978 1097 2006 tenementa
1116 1984 1224 2004 versus
1249 1973 1411 2013 prefatum
1432 1972 1454 2004 J
1456 1982 1627 2003 OHANNEM

152 2048 316 2088 petentem
328 2044 470 2076 amiserit
481 2071 486 2076 .
500 2045 585 2086 quod
595 2044 695 2076 nichil
705 2045 829 2086 capiam
840 2055 898 2086 pro
908 2043 1051 2075 valencia
1063 2045 1145 2074 terre
1155 2042 1296 2084 predicte
1309 2068 1313 2073 .
1327 2053 1384 2073 nec
1395 2041 1480 2083 prati
1492 2041 1629 2083 predic-ti

149 2115 212 2147 nisi
226 2125 330 2146 unum
344 2125 403 2156 par
417 2114 588 2146 calcarium
603 2114 829 2146 deauratorum
846 2112 943 2154 precii
959 2124 1013 2144 sex
1034 2111 1238 2143 denariorum
1266 2136 1271 2142 .
1301 2110 1349 2142 vel
1375 2121 1429 2142 sex
1451 2110 1599 2142 denarios
1616 2136 1622 2141 .

150 2184 197 2215 Et
212 2183 295 2215 hanc
309 2183 448 2215 formam
463 2183 616 2214 warantie
628 2195 685 2225 pro
702 2194 753 2214 me
769 2186 802 2214 et
816 2181 986 2213 heredibus
1001 2181 1081 2212 meis
1097 2180 1234 2212 concessi
1250 2182 1281 2211 et
1297 2179 1453 2210 ratificavi
1471 2205 1476 2210 .
1495 2179 1541 2210 Et
1565 2190 1625 2221 ego

146 2252 330 2286 JOHANNES
358 2253 389 2284 le
414 2252 578 2284 NORREYS
601 2254 672 2294 post
697 2252 874 2294 predictam
896 2250 1087 2282 warantiam
1111 2249 1190 2281 mihi
1214 2261 1233 2280 a
1256 2248 1382 2291 prefato
1406 2247 1626 2280 GILLEBERTO
