1998 2724
1559 128 1622 158 357

186 284 379 316 Rosssnnm
400 295 473 315 cum
496 282 645 315 omnibus
666 283 873 325 pertinenciis
894 283 959 315 suis
980 282 1096 315 liberas
1119 285 1151 314 et
1173 282 1298 325 quietas
1323 282 1363 314 ab
1383 283 1471 314 omni
1487 284 1618 315 servicio
1635 286 1666 316 et

184 352 352 385 exaccione
368 355 400 384 et
417 351 648 384 consuetudine
664 355 732 384 tam
754 352 964 384 ecclesiastica
981 363 1078 394 quam
1100 351 1244 384 seculari.
1292 351 1365 383 Hec
1387 352 1495 383 omnia
1516 353 1666 394 predictis

183 422 348 454 monachis
364 421 464 464 sigilli
480 421 580 453 nostri
596 421 796 464 appositione
812 424 845 453 et
860 422 993 454 testium
1009 421 1216 464 inscriptione
1233 422 1459 453 confirmamus
1476 422 1666 454 auctoritate

183 503 247 535 qua
262 490 434 534 fungimur
450 490 509 522 sub
525 490 741 522 anathematis
763 491 968 523 attestatione
990 490 1173 523 inhibentes
1194 491 1308 532 nequis
1329 490 1481 533 predictis
1501 491 1667 523 monachis

182 562 294 592 contra
331 563 435 592 cartas
472 560 665 592 donatorum
696 571 752 591 seu
782 559 1029 603 privilegiorum
1060 571 1191 592 suorum
1225 562 1370 592 tenorem
1397 587 1401 591 .
1428 561 1631 592 vexationem
1658 587 1663 592 .

181 629 363 661 molestiam
394 633 450 661 aut
481 640 657 671 gravamen
689 628 808 661 inferre
840 632 1013 671 presumat.
1076 628 1191 671 Hujus
1217 629 1469 662 confirmationis
1496 632 1592 661 testes
1619 630 1665 662 hij

184 701 259 730 sunt
275 724 281 729 .
295 697 496 730 Nmnomcs
509 697 727 730 thesaurarius
739 699 778 729 de
792 697 978 730 LANDAvm
994 725 999 729 .
1019 698 1195 731 RICARDUS
1208 699 1347 731 decanus
1361 699 1399 730 de
1413 699 1642 732 BONEVILEST’
1658 725 1664 731 .

183 767 327 799 Herus
353 768 492 799 decanus
517 767 557 798 de
582 766 681 799 Novo
707 766 837 799 CASTRO
867 794 871 798 .
901 768 1056 810 magister
1081 767 1243 800 ROGERUS
1269 768 1308 800 de
1334 767 1441 800 CULN'
1473 795 1478 799 .
1512 769 1666 811 magister

186 836 384 869 WALTERUS
400 837 439 868 de
456 836 664 868 Bmmsvssm
684 863 689 868 .
709 836 890 868 Romam-s
907 837 946 869 de
963 836 1171 869 BERGEVENI
1198 864 1202 868 .
1229 837 1250 869 J
1253 848 1412 869 OHANNES
1428 837 1528 870 frater
1543 838 1667 870 domim'

180 906 320 948 episcopi
338 932 344 937 .
362 905 553 937 Pmmpcs
570 906 610 937 de
627 905 800 937 MAchos.

236 975 284 997 For
300 975 342 997 the
359 975 474 1003 Bishop's
490 974 581 997 licence
597 977 623 997 to
640 974 752 1003 Margum
769 978 795 996 to
812 974 933 997 celebrate
950 979 976 997 at
994 975 1125 997 Rossaulin
1144 975 1236 1004 Ohapel
1254 982 1292 997 see
1310 975 1355 997 No.
1374 975 1487 997 OOCXC,

235 1030 282 1052 For
299 1038 312 1052 a
332 1030 471 1059 quit-claim
490 1030 514 1052 of
532 1029 575 1052 the
593 1029 685 1058 Ohapel
704 1031 728 1051 of
747 1029 905 1052 Havedhaloc
923 1030 956 1059 by
969 1030 1058 1058 Philip,
1070 1030 1113 1053 the
1125 1030 1200 1059 priest
1220 1030 1295 1058 there,
1307 1031 1355 1052 and
1373 1030 1439 1053 John
1458 1031 1494 1053 his
1508 1031 1616 1059 nephew,
1630 1034 1655 1053 to

185 1067 302 1095 Margana,
315 1074 354 1089 see
367 1067 415 1089 No⁴
429 1066 536 1089 CCLIV.

827 1223 1023 1257 OGOLVH.

175 1305 479 1339 AGREEMENT
536 1304 846 1338 CONOERNING
901 1305 1034 1338 LAND
1092 1306 1154 1339 AT
1212 1305 1530 1339 BRADINGTON
1584 1306 1661 1339 BE-

215 1375 392 1409 TWEEN
416 1375 591 1408 HENRY
614 1375 679 1408 DE
703 1375 950 1408 UMFRAMV
952 1375 1064 1408 ILLE
1088 1375 1191 1408 AND
1215 1375 1425 1408 MARGAM
1450 1375 1623 1409 ABBEY.

641 1450 773 1494 [HARL.
800 1451 978 1491 Gnsnrnn,
1003 1452 1043 1482 75
1068 1452 1110 1483 D.
1139 1451 1207 1494 14.]
1522 1453 1616 1485 1217.

1080 1531 1190 1553 PHUM.

651 1520 989 1552 CY-—Ro———GRA

220 1602 329 1634 Sciant
352 1605 514 1644 presentes
537 1604 570 1633 et
595 1602 699 1634 futuri
724 1603 811 1644 quod
838 1602 884 1634 ita
911 1602 1060 1634 convenit
1087 1602 1172 1634 inter
1200 1602 1395 1634 HENRICUM
1421 1603 1461 1635 de
1485 1603 1659 1635 UMFRAM-

175 1682 277 1703 vum:
304 1673 337 1703 et
361 1670 533 1703 monachos
561 1671 601 1702 de
629 1670 784 1702 MARGAN
813 1682 897 1703 anno
917 1671 1148 1703 incarnationis
1171 1671 1294 1703 domini
1320 1678 1365 1703 Μ)-
1385 1678 1438 1703 σουΔ
1457 1678 1553 1704 xvxs0·
1573 1673 1660 1715 quod

175 1741 294 1773 scilicet
310 1740 396 1771 idem
413 1739 596 1771 Hmzmcus
611 1739 735 1771 remisit
751 1742 855 1772 totam
871 1740 1090 1782 calumpniam
1107 1751 1205 1782 quam
1227 1739 1342 1772 habuit
1367 1741 1519 1773 adversus
1543 1752 1594 1773 eos
1618 1742 1658 1773 de

174 1813 260 1843 terra
288 1810 327 1841 de
354 1808 607 1841 Bmmnorom
636 1820 709 1840 cum
737 1809 945 1851 pertinenciis
976 1809 1050 1848 suis,
1076 1811 1108 1840 et
1138 1809 1225 1840 idem
1248 1808 1432 1841 memcns
1456 1810 1576 1851 recepit
1603 1822 1659 1852 pre

173 1878 323 1911 manibus
347 1880 450 1909 totam
476 1877 603 1909 firmam
628 1889 719 1909 suam
744 1877 863 1920 viginti
882 1889 1042 1910 annorum
1063 1878 1103 1910 de
1125 1878 1236 1910 eadem
1253 1880 1348 1910 terra.
1395 1878 1446 1910 De
1469 1878 1586 1921 quibus
1602 1889 1656 1911 xx.

173 1947 277 1986 annis,
295 1949 365 1979 octo
382 1946 459 1978 anni
476 1948 554 1978 tunc
570 1946 705 1979 fuerunt
720 1946 830 1989 elapsi,
847 1950 880 1979 et
899 1947 1069 1979 duodecim
1092 1948 1170 1979 anni
1186 1947 1292 1979 adhuc
1309 1950 1400 1980 erant
1417 1948 1555 1986 venturi,
1572 1949 1659 1980 unde

171 2016 307 2059 predicti
331 2014 479 2047 monachi
506 2015 588 2057 quiti
612 2018 688 2047 sunt
711 2026 812 2057 usque
835 2017 876 2047 ad
906 2016 1083 2048 terminum
1105 2017 1272 2048 duodecim
1295 2028 1454 2049 annorum
1475 2018 1658 2049 futm‘orum

171 2085 409 2129 perimpletum,
426 2095 485 2116 nec
499 2084 637 2116 reddent
652 2085 795 2126 predicto
807 2084 970 2117 Hmmco
987 2085 1130 2127 aliquam
1147 2086 1273 2118 firmam
1290 2098 1346 2128 pro
1359 2087 1470 2118 eadem
1488 2089 1573 2118 terra
1584 2090 1658 2119 ante

172 2154 312 2187 Passcha
324 2153 402 2186 anni
419 2153 603 2195 supradicte
619 2153 852 2185 incarnacionis
869 2160 914 2185 M0·
934 2160 989 2186 00⁰·
1007 2160 1097 2186 xxx0·
1116 2157 1148 2186 et
1159 2155 1185 2187 si
1196 2155 1279 2187 forte
1289 2155 1406 2197 aliquis
1416 2155 1662 2187 diraoionaverit

172 2224 263 2256 illam
293 2226 412 2255 terram
443 2222 483 2254 de
516 2221 669 2264 predictis
699 2223 865 2255 monachis
899 2223 985 2256 infra
1013 2223 1173 2266 predictos
1204 2235 1256 2255 xm
1283 2235 1393 2263 annos,
1419 2225 1661 2266 prenominatus
