1998 2724
1575 151 1638 182 615

202 309 395 350 perpetuum
411 307 462 339 die
485 308 646 348 noctuque
669 305 788 348 ubique
810 306 910 338 libere
933 309 966 339 et
986 306 1115 348 pacifice
1139 317 1213 339 cum
1234 307 1324 339 omni
1349 318 1466 350 genere
1489 307 1680 340 animalium

204 378 339 409 utantur
365 376 452 408 infra
474 375 532 408 has
554 375 673 408 divisas
697 375 891 418 subscriptas
915 402 920 407 .
946 375 1095 407 videlicet
1123 387 1142 408 a
1165 387 1286 418 magna
1312 376 1386 418 pola
1410 375 1466 408 ubi
1494 375 1681 409 WERELEH

204 446 307 478 oritur
337 445 499 478 tendendo
529 456 629 487 usque
659 445 694 476 in
732 445 868 477 fluvium
899 446 939 477 de
972 444 1077 476 Nam
1107 456 1216 477 versus
1246 445 1507 487 septemtrionem
1535 472 1538 475 .
1564 448 1597 477 et
1626 457 1682 488 per

204 515 340 547 fluvium
356 515 395 546 de
411 513 516 546 Nssm
531 514 693 546 tendendo
706 525 814 546 versus
830 514 986 546 orientem
998 525 1099 556 usque
1111 515 1152 546 ad
1168 514 1364 546 REDEVAYN
1384 540 1390 546 .
1409 517 1439 546 et
1452 526 1471 546 a
1487 514 1681 547 REDEvAvN

205 595 305 626 usque
328 585 370 616 ad
392 583 472 616 fines
494 583 673 615 BRECHON’
699 586 730 615 et
753 583 829 615 inde
851 595 960 615 versus
984 586 1129 615 austrum
1151 584 1315 616 tendendo
1345 595 1447 626 usque
1477 584 1517 615 ad
1541 583 1683 616 rivulum

205 653 326 685 CANAN
353 679 359 685 .
384 656 416 685 et
431 665 488 695 per
502 653 644 685 rivulum
661 652 782 685 CANAN
809 679 814 684 .
839 664 940 695 usque
963 654 1004 685 ad
1027 653 1199 685 ABERDAR
1216 679 1222 685 .
1240 656 1272 685 et
1288 653 1329 685 ab
1345 653 1516 685 ABERDAR
1537 679 1543 684 .
1564 654 1684 686 directe

205 734 314 755 versus
324 722 520 755 occidentem
532 748 538 754 .
549 733 650 765 usque
661 723 702 754 ad
713 722 927 755 PULTHADAR
941 749 946 754 .
959 725 991 755 et
1001 734 1020 754 a
1030 722 1245 754 PULTHADAR
1253 749 1258 754 .
1267 733 1367 765 usquc
1378 723 1419 754 ad
1429 723 1540 755 cilium
1549 723 1682 755 montis.

205 793 324 825 directe
340 793 503 824 tendendo
519 803 628 824 versus
643 792 840 825 occidentem
857 804 957 834 usque
974 793 1016 824 ad
1031 792 1210 834 predictam
1225 803 1380 835 magnam
1396 792 1513 835 polam.
1561 792 1683 825 Ceteris

206 861 355 894 omnibus
371 862 498 894 fossatis
513 862 667 894 clausuris
683 865 715 893 et
734 861 867 893 edificiis
891 862 924 893 in
951 862 1037 893 dicta
1057 864 1189 904 pastura
1211 861 1306 893 factis
1333 862 1383 893 vel
1411 862 1602 893 constructis
1629 873 1686 904 per

205 931 291 973 ipsos
313 931 353 963 de
376 930 551 963 KARLYUN
573 931 703 973 penitus
727 930 913 963 amovendis
936 956 941 962 .
964 942 1022 962 nec
1049 930 1211 973 aliquibus
1235 931 1306 962 aliis
1331 934 1437 973 preter
1459 931 1685 973 prenominata

206 999 328 1032 ibidem
353 1026 359 1032 .
383 1011 440 1042 per
469 1000 596 1032 eosdem
623 1000 833 1042 imposterum
858 1000 1088 1032 construendis
1136 999 1211 1032 Hoc
1239 999 1469 1032 nichilominus
1494 1000 1685 1042 supradictis

207 1069 334 1112 adjecto
352 1093 359 1099 .
376 1070 462 1111 quod
481 1069 507 1101 si
530 1069 601 1111 quis
625 1069 801 1101 monachus
823 1069 875 1102 vel
899 1080 1068 1101 conversus
1091 1069 1250 1101 dictarum
1275 1069 1444 1101 domorum
1470 1071 1580 1101 contra
1604 1069 1687 1101 hanc

207 1139 294 1180 quod
310 1138 394 1170 absit
416 1138 546 1170 finalem
568 1139 771 1171 concordiam
786 1142 819 1171 et
835 1139 1098 1180 compositionem
1121 1138 1324 1170 amicabilem
1348 1139 1552 1181 aliquomodo
1578 1139 1686 1171 venire

206 1208 435 1250 presumpserit
450 1233 456 1240 .
470 1208 559 1240 omni
574 1208 736 1240 occasione
752 1208 959 1240 excusacione
976 1212 1006 1239 et
1024 1207 1181 1239 dilacione
1198 1208 1383 1250 postpositis
1397 1233 1403 1239 .
1418 1220 1436 1239 a
1448 1209 1545 1240 domo
1557 1208 1686 1250 propria

206 1277 336 1319 penitus
358 1277 526 1310 emittatur
547 1303 552 1309 .
573 1289 638 1309 non
661 1289 845 1310 reversurus
876 1277 938 1309 uisi
964 1278 1003 1309 de
1028 1277 1160 1309 licencia
1186 1277 1319 1319 capituli
1346 1277 1514 1319 generalis.
1562 1276 1687 1309 Tenore

206 1345 435 1378 nichilominus
450 1346 534 1378 dicte
557 1346 718 1378 sentencie
740 1349 773 1378 et
796 1346 1063 1389 compositionum
1090 1346 1175 1378 inter
1202 1346 1303 1378 dictas
1329 1347 1441 1378 domos
1464 1346 1533 1388 jam
1559 1347 1683 1378 dudum

207 1414 425 1447 confectarum
444 1441 449 1447 .
467 1415 502 1448 in
518 1416 629 1448 ceteris
645 1415 794 1448 omnibus
813 1419 1018 1458 preterquam
1041 1416 1075 1447 in
1092 1415 1254 1457 premissis
1276 1415 1311 1447 in
1336 1427 1392 1447 suo
1415 1414 1526 1447 robore
1550 1415 1684 1447 inviola-

207 1483 315 1516 biliter
347 1485 536 1527 persistente
567 1486 804 1528 inperpetuum.
867 1485 913 1517 Et
943 1488 980 1517 ut
1009 1485 1068 1517 hec
1099 1485 1204 1517 finalis
1235 1485 1402 1517 concordia
1433 1491 1464 1517 et
1496 1486 1685 1528 composicio

207 1553 384 1586 amicabilis
399 1554 561 1586 firmitatis
576 1554 673 1586 robur
685 1555 829 1597 optineat
845 1555 1083 1597 imperpetuum
1098 1580 1103 1585 .
1119 1554 1278 1586 dictarum
1292 1554 1460 1586 domorum
1476 1554 1607 1586 abbates
1619 1566 1685 1586 una

207 1633 279 1654 cum
292 1622 529 1655 venerabilibus
543 1623 584 1655 de
600 1623 804 1655 FLEXLEYA.
823 1624 862 1655 de
879 1623 1069 1655 TYNTERNA
1084 1649 1089 1655 .
1105 1623 1144 1654 de
1160 1622 1265 1655 NETH
1280 1648 1285 1654 .
1301 1624 1340 1655 de
1354 1623 1453 1655 ALBA
1471 1634 1563 1655 Domo
1577 1650 1583 1655 .
1596 1626 1627 1655 et
1643 1624 1682 1656 de

205 1690 339 1723 STRATA
355 1691 511 1723 mem
530 1717 536 1723 .
555 1691 724 1724 abbatibus
745 1704 873 1734 presens
899 1692 1051 1734 scriptum
1077 1691 1259 1734 sigillorum
1275 1703 1406 1724 suorum
1422 1692 1682 1734 impressionibus

205 1760 368 1792 duxerunt
384 1760 610 1793 roborandum.

247 1829 305 1862 six
321 1830 411 1867 scala
429 1830 463 1862 of
477 1830 533 1863 the
548 1830 659 1863 Abbot
675 1831 709 1863 of
732 1830 892 1874 Margam,
909 1831 974 1862 and
990 1831 1045 1862 the
1062 1831 1122 1862 five
1145 1829 1258 1862 abbots
1276 1830 1462 1862 mentioned
1478 1830 1512 1862 in
1528 1830 1583 1862 the
1598 1831 1675 1862 final

205 1899 319 1932 clause.

816 1945 859 1967 see
877 1944 921 1966 Na
940 1944 1066 1966 DLxxx,
