1998 2724
1524 158 1587 189 353

150 302 321 350 annuatim
347 321 379 348 et
406 316 577 348 heredibus
598 317 678 348 meis
699 319 858 359 quantum
882 316 1057 360 burgenses
1075 318 1115 348 de
1143 316 1306 348 KAERmr
1330 316 1462 348 reddere
1487 316 1633 348 solebant

153 397 210 429 pro
226 386 363 428 singulis
378 385 537 428 capitibus
552 386 743 418 animalium
759 397 890 418 suorum
906 386 1076 418 annuatim
1099 385 1226 418 ballivis
1242 385 1281 417 de
1306 384 1469 417 KAERmF
1488 388 1631 428 tempore

152 455 342 488 WILLELMI
368 455 493 487 comitis
517 455 751 487 GLOUCESTRIE
767 456 868 498 patris
883 456 956 488 mei.
1005 455 1054 488 Ut
1080 459 1188 487 autem
1216 455 1273 487 hec
1294 467 1365 487 mea
1387 455 1518 486 donatio
1542 454 1635 486 firma

149 528 182 557 et
198 525 321 557 stabilis
344 526 385 557 sit
411 526 445 556 in
474 528 665 568 perpetuum
695 537 767 557 eam
792 526 933 566 presenti
961 528 1048 557 carta
1076 537 1147 557 mea
1175 525 1361 557 confirmavi
1387 528 1416 556 et
1444 524 1543 567 sigilli
1571 524 1634 555 mei

153 594 353 636 appositione
383 595 519 626 munivi.
582 594 660 626 Hiis
691 594 850 626 testibus.
869 594 1025 626 SAIHERO
1056 595 1095 626 de
1127 594 1270 630 (21⁷ssch
1302 594 1417 627 comite
1450 592 1635 625 WiN'rON’.

156 662 319 695 Hmuuco
332 664 372 696 de
385 663 563 695 FURNELL'
583 689 588 694 .
607 663 803 696 WILLELMO
816 665 855 696 de
869 663 1007 696 TmnEs’
1026 691 1031 696 .
1050 664 1215 696 MARTINO
1227 663 1380 696 hostiario
1399 689 1404 695 .
1419 663 1585 696 JOHANNE
1598 662 1638 694 de

154 731 409 765 SWINESHEVED
443 758 448 764 .
477 732 672 766 WiLLELMo
704 733 855 765 canonico
889 734 929 765 de
966 732 1181 765 ΚΑῙΝΕεΗΑΜ
1214 759 1219 764 .
1254 732 1434 764 NicHOLAo
1465 732 1570 775 priore
1600 731 1640 762 de

153 800 310 834 MARGAN
329 828 335 834 .
353 804 451 835 iratre
467 801 596 835 Tuom
613 813 766 835 converso
785 829 790 835 .
809 802 936 835 Tuom
956 802 1090 845 [PuwM
1103 801 1139 845 P]
1161 829 1166 834 .
1186 805 1218 834 et
1233 802 1345 834 multis
1362 801 1441 834 aliis.

827 1123 969 1156 COGLI.

160 1205 503 1240 DECLARATION
534 1206 600 1238 BY
642 1205 879 1245 OLEMENT,
922 1206 1079 1238 ABBOT
1121 1206 1181 1239 OF
1221 1206 1400 1246 NEATH,
1445 1206 1505 1239 OF
1545 1207 1644 1240 THE

269 1275 433 1309 GRANT
461 1275 519 1307 TO
546 1275 717 1308 NEATH
746 1275 911 1308 ABBEY
935 1275 1000 1308 BY
1025 1276 1193 1308 PHILIP
1220 1276 1284 1308 DE
1313 1276 1558 1308 MARCROSS
1586 1276 1646 1308 OF

270 1344 403 1378 LAND
429 1345 483 1377 IN
508 1344 763 1378 MARGROSS.

700 1426 874 1470 [MARGAM
900 1427 1095 1470 CHAnrnn]
1418 1427 1478 1461 ΟΒ.
1506 1429 1600 1460 1218.

202 1509 373 1541 Universis
402 1510 444 1541 ad
473 1521 611 1551 quorum
640 1509 792 1542 noticiam
824 1521 954 1552 presens
985 1514 1071 1541 carta
1102 1511 1292 1551 pervenerit.
1343 1510 1458 1542 Frater
1483 1510 1645 1542 OLmnzxs

158 1579 263 1611 dictus
278 1578 376 1611 abbas
393 1579 433 1611 de
451 1579 557 1611 Nam
575 1605 580 1609 .
595 1581 746 1621 totusque
762 1579 824 1611 loci
839 1579 987 1621 ejusdem
1003 1582 1179 1612 conventus
1197 1606 1202 1611 .
1221 1580 1366 1612 salutem.

202 1647 419 1680 Universitati
453 1650 556 1680 vestre
580 1648 800 1690 significamus
828 1649 914 1690 quod
942 1648 1133 1681 Pmmrros
1158 1650 1197 1681 de
1223 1649 1384 1682 MARCRos
1411 1650 1500 1681 dedit
1526 1650 1641 1682 nobis.

157 1728 275 1749 XXXVI.
293 1728 381 1749 acras
397 1719 482 1749 terre
498 1717 532 1749 in
549 1717 647 1750 feudo
664 1729 721 1749 suo
738 1718 778 1749 de
794 1717 959 1750 MAchos
978 1745 983 1749 .
1009 1719 1164 1750 tenendas
1186 1718 1285 1750 libere
1302 1722 1334 1751 et
1355 1719 1462 1761 quiete
1484 1719 1524 1751 ab
1552 1721 1641 1752 omni

156 1786 286 1819 servitio
317 1788 349 1818 et
381 1787 517 1818 seculari
547 1787 712 1819 exactione
745 1813 750 1819 .
785 1788 926 1829 exceptis
958 1799 1002 1819 VI.
1036 1788 1145 1820 solidis
1171 1815 1175 1818 .
1202 1789 1329 1830 argenti
1361 1800 1440 1830 quos
1473 1789 1643 1821 annuatim

160 1855 332 1887 reddemus
347 1856 389 1887 ad
411 1855 531 1888 festum
553 1855 665 1888 Sancti
690 1856 888 1889 MICHAEms
906 1883 912 1888 .
931 1857 1041 1889 domui
1065 1858 1104 1889 de
1130 1857 1285 1889 MARGAN
1307 1870 1364 1900 pro
1382 1858 1527 1900 predicta
1547 1861 1641 1890 terra.

161 1924 208 1956 Et
230 1927 268 1956 ut
290 1925 330 1956 de
354 1925 507 1967 pensione
530 1925 592 1957 ista
615 1926 788 1958 monachos
810 1927 1034 1968 prenominate
1057 1927 1172 1958 domus
1194 1939 1319 1959 securos
1345 1928 1501 1960 faciamus
1526 1953 1532 1960 .
1561 1928 1644 1960 hanc

160 1996 342 2036 presentem
374 1996 495 2026 cartam
526 1994 633 2037 sigillo
665 1998 774 2027 nostro
805 1996 966 2028 munitam
996 1996 1061 2028 illis
1091 1997 1239 2028 dedimus
1278 2023 1284 2028 .
1325 1998 1519 2039 spondentes
1557 1998 1643 2040 quod

161 2062 318 2104 quamdiu
333 2063 595 2104 prenominatam
611 2067 731 2096 terram
748 2065 947 2097 tenuerimus
965 2091 971 2097 .
988 2066 1167 2108 predictam
1182 2066 1370 2108 pensionem
1391 2067 1529 2109 singulis
1551 2067 1645 2099 annis

161 2131 227 2163 illis
242 2132 469 2174 persolvemus.
517 2132 596 2165 Hiis
611 2133 756 2166 testibus.

205 2201 411 2234 Entitled—‘
428 2200 525 2233 Carta
540 2201 681 2235 Abbatis
696 2203 736 2234 de
753 2203 787 2235 N
790 2203 845 2236 eth
861 2205 901 2236 de
919 2215 962 2236 vi.
984 2205 1094 2237 solidis
1109 2204 1201 2238 nobis
1217 2205 1456 2248 persolvendis.'

170 2270 191 2291 A
205 2269 317 2291 Ciemens
330 2277 379 2291 was
393 2270 446 2292 also
457 2270 528 2293 Prior
539 2272 563 2292 of
578 2270 657 2292 Neath
670 2271 694 2293 in
711 2272 773 2296 1201,
786 2273 834 2294 and
848 2272 874 2295 P.
887 2273 916 2295 de
929 2273 1050 2295 Marcross
1064 2274 1193 2296 witnessed
1206 2274 1315 2296 eharters
1326 2274 1436 2296 between
1451 2275 1505 2297 1201
1519 2275 1567 2296 and
1579 2275 1643 2297 1230,

317 2363 370 2389 2U
