1998 2724
1492 164 1555 194 523

786 355 939 388 DXVII.

161 435 526 469 CONFIRMATION
562 436 628 469 BY
658 436 843 477 HENRY,
875 437 1031 470 ABBOT
1063 437 1122 470 OF
1154 437 1472 477 GLOUCESTER,
1505 439 1564 471 OF

348 505 482 537 LAND
515 505 568 537 IN
601 505 832 539 LANGEWI
864 506 923 538 ΤΟ
954 506 1166 539 MARGAM
1196 507 1370 539 ABBEY.

662 586 838 630 [MARGAM
870 587 1065 631 CHARTER]
1333 589 1432 621 ANTE
1461 590 1555 621 1243.

166 669 277 701 Sciant
308 672 376 701 tam
407 681 437 711 p.
467 680 496 711 q.
526 669 549 700 f.
578 669 664 711 quod
695 680 756 712 ego
786 668 969 702 HEchus
995 670 1058 702 Dei
1090 671 1196 713 gratia
1227 671 1325 703 abbas
1356 671 1466 704 Sancti
1495 672 1604 704 Pmiu

125 739 358 771 GLOUCESTRIE
375 741 407 770 et
431 737 580 781 ejusdem
595 737 656 770 loci
672 743 849 770 conventus
874 764 880 769 .
907 739 1119 771 concessimus
1135 742 1167 771 et
1182 740 1242 772 hac
1259 743 1346 772 carta
1362 744 1471 773 nostra
1487 742 1602 774 confir-

123 808 282 840 mavimus
312 806 549 839 venerabilibus
580 806 733 839 fratribus
764 809 796 839 et
827 807 937 839 amicis
967 809 1085 840 nostris
1116 835 1122 840 .
1156 808 1266 841 abbati
1297 814 1327 841 et
1359 811 1535 842 conventui
1566 811 1605 843 de

123 877 279 909 MARGAN
305 903 310 907 .
337 879 455 908 teiram
479 876 570 908 illam
593 877 627 908 in
653 877 746 908 feudo
770 877 810 908 de
839 876 1010 909 LANGEWI
1034 890 1132 920 quam
1156 878 1374 911 WILLELMUS
1399 879 1604 912 SCURLAGGE

123 946 213 979 dedit
236 945 364 977 ecclesie
388 945 499 977 Sancti
521 945 718 977 MICHAELis
742 946 781 977 de
805 945 930 978 EWENI
958 972 963 978 .
989 949 1025 978 ut
1049 946 1190 979 habeant
1213 948 1363 980 monachi
1386 950 1425 981 de
1449 949 1605 982 MARGAN

124 1016 301 1058 predictam
331 1018 449 1047 terram
482 1027 554 1047 cnm
582 1014 731 1047 omnibus
758 1014 962 1048 libertatibus
989 1018 1021 1047 et
1048 1017 1246 1049 aisiamentis
1276 1018 1341 1050 suis
1373 1044 1379 1049 .
1408 1018 1543 1050 liberam
1574 1022 1607 1051 et

125 1085 268 1127 quietam
284 1084 325 1117 ab
342 1084 429 1116 omni
446 1084 578 1116 servicio
603 1110 609 1115 .
635 1084 867 1116 consuetudine
883 1087 916 1116 et
937 1085 1103 1117 exactione
1128 1112 1134 1117 .
1160 1087 1323 1119 reddendo
1340 1087 1416 1119 inde
1435 1089 1606 1120 annuatim

125 1155 205 1186 duos
229 1154 346 1186 solidos
371 1154 571 1186 solummodo
595 1153 723 1186 ecclesie
751 1153 862 1186 Sancti
888 1153 1085 1187 MICHAEms
1108 1155 1147 1187 de
1176 1155 1301 1188 Ewmn
1327 1181 1333 1187 .
1358 1157 1400 1188 ad
1427 1157 1607 1189 terminum

124 1223 255 1256 Pasche.
303 1223 349 1255 Et
376 1234 434 1255 nos
458 1223 636 1265 predictam
669 1225 787 1255 terram
819 1223 954 1266 prefatis
985 1224 1149 1256 monachis
1179 1227 1290 1256 contra
1321 1237 1431 1257 omnes
1461 1226 1607 1259 homines

124 1292 405 1325 warantizabimus
432 1292 465 1324 in
491 1293 693 1335 perpetuum.
740 1291 781 1324 In
810 1292 910 1335 hujus
934 1293 980 1324 rei
1003 1293 1226 1326 testimonium
1259 1320 1264 1325 .
1294 1306 1424 1337 presens
1450 1296 1605 1338 scriptum

124 1361 158 1393 in
182 1362 315 1393 modum
339 1360 531 1403 cyrographi
557 1360 751 1393 confecimus
784 1387 789 1392 .
823 1361 917 1404 cujus
941 1374 1039 1394 unam
1064 1365 1189 1404 partem
1212 1363 1319 1406 sigillo
1344 1364 1472 1397 ecclesie
1497 1368 1604 1397 nostre

124 1431 285 1463 munitam
310 1457 315 1462 .
341 1430 493 1472 predictis
516 1430 626 1462 abbati
650 1432 682 1462 et
706 1431 878 1463 conventui
894 1432 934 1463 de
951 1431 1107 1463 MARGAN
1124 1432 1317 1464 tradidimus
1341 1459 1347 1464 .
1373 1433 1507 1465 alteram
1532 1446 1605 1467 vero

123 1502 249 1543 partem
272 1499 379 1542 sigillo
403 1499 550 1542 ejusdem
573 1499 698 1532 abbatis
723 1526 728 1531 .
755 1503 787 1532 et
810 1503 986 1532 conventus
1010 1502 1049 1532 de
1078 1501 1244 1533 MARGAN'
1269 1501 1452 1534 roboratam
1477 1529 1483 1534 .
1509 1516 1606 1546 penes

124 1581 182 1602 nos
204 1569 405 1601 retinuimus.
462 1569 540 1601 Hiis
555 1569 692 1602 testibus
714 1595 719 1600 .
745 1570 852 1601 ADAM
875 1570 980 1611 priore
999 1595 1004 1601 .
1024 1570 1151 1602 Tuom
1168 1571 1333 1614 suppriore
1358 1597 1364 1602 .
1390 1571 1506 1604 Diavm
1529 1578 1606 1605 tunc

124 1639 228 1681 priore
244 1639 284 1670 de
300 1638 425 1670 Ewnm
452 1664 458 1670 .
485 1638 684 1670 GILEBERTO
700 1639 739 1670 de
756 1638 952 1670 LEDEBIRIA
978 1665 983 1670 .
1010 1638 1032 1671 J
1035 1650 1176 1671 OHANNE
1194 1641 1358 1682 capellano
1375 1641 1414 1673 de
1438 1641 1564 1674 Ewssm
1598 1667 1604 1673 .

123 1711 155 1740 et
170 1707 282 1740 multis
298 1707 379 1739 aliis.

167 1776 251 1816 Seal,
268 1776 355 1819 light
370 1776 481 1808 brown
497 1788 578 1808 wax.
626 1775 685 1808 See
702 1776 812 1816 Birch,
833 1777 932 1809 Catal.
951 1781 988 1815 cs
1000 1778 1095 1817 δεαῖε,
1114 1777 1175 1810 No.
1195 1779 1301 1817 3‚192.

168 1845 387 1883 CounterseaL
405 1856 424 1876 a
440 1845 569 1877 smaller
584 1845 717 1887 pointed
733 1845 806 1877 oval
823 1846 898 1885 seal,
914 1846 999 1886 lffin.
1018 1845 1063 1888 by
1081 1847 1144 1878 lin.
1193 1847 1263 1879 The
1279 1847 1377 1880 abbot
1393 1850 1548 1892 standing
1563 1861 1605 1882 on

123 1926 142 1947 a
159 1914 324 1957 platsorm,
341 1914 479 1957 holding
495 1914 572 1946 staff
587 1914 653 1946 and
669 1914 763 1946 book.

167 1983 357 2026 Legend—‘
369 1993 543 2015 SECRETUM
560 1994 701 2015 ABBATIs
717 1983 968 2015 GLOUCESTRIE.’

167 2052 237 2084 The
259 2063 362 2095 upper
385 2053 466 2095 edge
483 2052 517 2084 of
539 2052 595 2084 the
611 2053 693 2084 deed
716 2052 774 2084 has
790 2052 844 2084 the
861 2053 965 2084 words
980 2064 1236 2086 CYROGRAPHUM
1255 2080 1260 2086 .
1280 2065 1536 2087 manavaoouao
1552 2059 1607 2089 cut

122 2120 266 2164 through
281 2120 327 2163 by
342 2132 384 2152 an
400 2121 557 2153 indented
572 2120 648 2153 line.

167 2189 390 2222 Endorsed—‘
403 2189 450 2222 H.
468 2189 566 2222 abbas
583 2189 693 2221 Sancti
710 2189 799 2222 Petri
816 2191 856 2222 de
873 2189 1100 2223 Glocuoestre.’
