1998 2724
334 166 398 197 470

335 324 357 356 J
359 323 439 356 ustis
453 322 637 366 petencium
653 321 818 354 desideriis
833 321 941 353 animo
953 331 1012 352 nos
1023 321 1114 352 decet
1123 319 1264 363 benigno
1277 320 1527 352 condescendere
1539 346 1545 353 .
1560 323 1593 353 et
1605 331 1642 352 ea
1652 321 1770 353 effectu

288 394 396 427 debito
412 394 580 436 complere.
628 393 710 425 Inde
726 395 772 425 est
789 392 874 434 quod
890 403 948 423 nos
964 392 1033 433 paci
1044 393 1075 423 et
1089 391 1224 423 utilitati
1236 393 1304 423 tam
1315 392 1430 423 domus
1443 392 1482 423 de
1499 390 1737 423 TEUKESBIRIA
1756 418 1762 423 .

289 475 386 506 quam
396 464 511 496 domus
521 463 560 495 de
570 462 725 495 MARGAN
737 461 770 493 in
782 463 945 503 posterum
957 460 1159 502 providentes
1174 485 1179 491 .
1198 459 1418 492 concessimus
1433 460 1543 492 domui
1559 460 1598 492 de
1611 459 1767 492 MARGAN

288 544 398 565 omnes
413 532 558 575 proprias
573 531 711 563 decimas
727 541 799 562 suas
810 530 843 561 in
855 530 1004 571 parochia
1018 530 1057 561 de
1074 528 1245 561 KENEFEG
1264 555 1269 560 .
1288 540 1412 561 necnon
1424 532 1456 561 et
1467 540 1577 561 omnes
1593 529 1766 571 garbarum

287 603 425 634 decimas
441 613 502 644 que
519 601 679 643 pertinent
697 600 738 631 ad
754 599 918 631 ecclesiam
934 599 973 630 de
992 597 1163 630 KENEFEG
1181 624 1187 629 .
1206 600 1239 630 et
1261 598 1301 630 ad
1326 609 1436 630 omnes
1459 598 1596 640 capellas
1619 598 1765 640 ejusdem

286 671 413 703 ecclesie
423 671 457 702 in
468 674 659 713 perpetuum
676 669 882 711 possidendas
900 694 905 699 .
926 667 1148 700 Concessimus
1165 667 1294 709 insuper
1305 668 1428 709 prefate
1439 668 1548 699 domui
1560 668 1599 699 de
1610 667 1765 699 MARGAN

286 752 395 772 omnes
412 743 512 771 terras
527 740 567 771 ad
585 739 705 770 dietam
721 738 885 770 eeclesiam
898 740 930 768 et
947 737 988 768 ad
998 737 1157 778 predictas
1172 736 1307 778 capellas
1319 737 1517 778 pertinentes
1528 737 1561 768 in
1576 740 1767 778 perpetuum

284 809 499 852 possidendas.
553 808 733 840 Roddendo
756 807 831 838 inde
855 806 1025 838 annuatim
1049 806 1159 837 domui
1182 806 1222 837 de
1245 804 1483 837 TEUKESBIMA
1512 806 1619 837 deceni
1646 817 1768 838 marcas

284 880 317 910 in
337 878 478 920 capitulo
495 878 534 909 de
550 876 798 909 TEUKESBHUA.
847 875 893 907 Et
916 876 1030 907 domus
1053 876 1093 906 de
1111 874 1348 907 TEUKEsmmn
1372 875 1507 906 retinuit
1530 875 1564 906 in
1587 886 1687 906 manu
1710 886 1767 907 sua

283 958 391 979 curam
402 947 441 979 de
452 945 674 989 spiritualibus
686 945 881 988 altaragium
895 949 927 976 et
941 944 996 987 jus
1011 944 1218 986 presentandi
1235 944 1390 976 vicarium
1405 944 1439 975 in
1456 944 1591 976 eandem
1602 944 1767 976 ecclesiam

283 1020 315 1048 et
349 1017 457 1048 omnia
490 1017 531 1047 ad
563 1016 681 1047 dictam
715 1014 879 1046 eeclesiam
905 1014 1104 1056 pertinencia
1129 1016 1236 1055 preter
1263 1013 1406 1056 prefatas
1433 1018 1533 1044 terras
1559 1018 1590 1045 et
1618 1014 1766 1045 decimas.

282 1086 407 1118 Domus
424 1087 532 1117 autem
548 1085 587 1116 de
605 1084 844 1116 Tmufflsssum
860 1094 917 1125 per
933 1093 965 1114 se
981 1082 1032 1114 vel
1048 1093 1104 1124 per
1125 1083 1279 1114 vicarium
1303 1093 1396 1114 suum
1413 1081 1505 1114 nobis
1528 1086 1559 1114 et
1583 1083 1766 1114 successori-

281 1155 342 1187 bus
363 1154 480 1187 nostris
500 1165 558 1197 pro
583 1152 782 1185 sinodalibus
801 1155 833 1184 et
857 1152 969 1184 ceteris
994 1151 1151 1184 universis
1178 1152 1219 1183 ad
1247 1152 1300 1194 jus
1327 1151 1504 1193 episcopale
1531 1151 1768 1193 pertinentibus

280 1224 495 1266 respondebit.
543 1223 589 1255 Et
610 1234 650 1254 ne
676 1222 734 1254 hec
755 1225 865 1254 nostra
887 1225 1043 1264 perpetua
1064 1221 1264 1252 confirmatio
1283 1221 1539 1263 malignancium
1560 1220 1767 1263 improbitate

279 1294 381 1336 possit
403 1293 542 1335 infringi
570 1292 640 1325 .vel
662 1292 798 1323 decursu
822 1302 942 1333 magno
966 1290 1119 1332 temporis
1140 1290 1174 1321 in
1197 1289 1333 1321 dubium
1350 1289 1495 1322 devocari
1513 1315 1519 1321 .
1538 1301 1608 1321 eam
1624 1290 1766 1332 presenti

282 1362 398 1404 scripto
410 1363 576 1394 munimus
588 1364 620 1393 et
634 1360 734 1403 sigilli
747 1345 848 1392 nostri
863 1359 1063 1402 appositione
1075 1358 1270 1390 roboramus.
1319 1358 1397 1390 Hiis
1413 1358 1548 1390 testibus
1572 1385 1578 1390 .
1604 1358 1766 1391 WRGANO

280 1432 505 1464 archidiacono
529 1430 758 1463 LANDAVENSI
784 1456 790 1462 .
815 1429 971 1472 magistro
995 1427 1171 1460 Mamucio
1194 1428 1260 1459 filio
1284 1428 1355 1470 ejus
1379 1453 1386 1460 .
1409 1428 1566 1470 magistro
1590 1427 1767 1461 WALTERO

281 1501 446 1544 capellano
468 1500 592 1532 domini
613 1499 752 1542 episcopi
777 1524 784 1531 .
808 1499 964 1541 magistro
988 1497 1155 1530 RAmrLFo
1178 1496 1337 1528 Mmtou.
1364 1496 1545 1528 NICHOLAO
1568 1497 1767 1529 thesaurario

281 1570 518 1602 LANDAVENSI.
550 1577 567 1589 Ὗ

325 1638 395 1670 Nos
407 1639 510 1681 igitur
522 1638 657 1670 eandem
668 1636 946 1669 confirmationem
961 1638 1065 1667 ratam
1082 1634 1229 1667 stabilem
1242 1640 1274 1666 et
1290 1635 1511 1667 inconcussam
1521 1647 1587 1668 esse
1603 1635 1745 1667 volentes
1758 1660 1765 1668 .

283 1708 386 1750 ipsam
414 1707 522 1750 sigillo
547 1710 655 1739 nostro
684 1706 915 1748 perpetualiter
939 1704 1207 1737 confirmavimus.
1270 1704 1349 1736 Hiis
1380 1705 1515 1737 testibus
1547 1731 1553 1736 .
1587 1704 1766 1737 MAUR1T10

284 1777 508 1809 archidiacono
538 1779 570 1808 et
595 1775 758 1808 Hmmco
779 1776 880 1807 fratre
903 1774 997 1817 ejus.
1016 1773 1193 1805 Mummo
1217 1773 1416 1806 thesaurario
1434 1799 1440 1805 .
1458 1777 1490 1806 et
1512 1773 1708 1807 WiLLELMo
1726 1774 1767 1806 de

284 1845 445 1878 LANMffls
460 1847 537 1877 tune
553 1845 684 1877 decano.

332 1914 505 1957 Imperteet
521 1915 585 1946 seal
602 1914 634 1946 in
653 1914 885 1956 bronze-green
902 1924 984 1944 wax.

332 1984 397 2015 For
412 1983 467 2015 the
484 1983 548 2015 seal
564 1984 629 2015 and
645 1983 843 2015 eounterseal
859 1994 909 2015 see
925 1982 1035 2023 Birch,
1056 1983 1155 2015 Gatal.
1172 1994 1226 2025 pp.
1244 1982 1308 2013 283
1324 1982 1389 2014 and
1405 1983 1470 2014 284
1490 1982 1567 2024 (No.
1587 1982 1698 2024 1872).

331 2052 556 2084 Endorsed—‘
571 2051 705 2092 Tercia,’
729 2053 795 2085 and
819 2052 1047 2084 ‘Confirmatio
1070 2051 1110 2084 E.
1135 2052 1179 2084 D.
1197 2051 1237 2084 G.
1262 2050 1301 2083 L.
1327 2051 1402 2094 epis.
1420 2052 1460 2083 de
1483 2053 1568 2084 terra
1589 2053 1621 2084 et
1636 2051 1767 2083 decimis

288 2122 416 2154 ecclesie
432 2122 472 2153 de
487 2120 662 2164 Kenefeg.’
