1998 2724
1543 166 1606 197 687

171 332 315 354 excessus
339 321 497 363 predictos
522 320 789 362 qualitercunque
808 323 1006 363 perpetratos
1032 323 1062 353 et
1088 322 1130 353 ad.
1152 332 1210 353 nos
1231 324 1261 353 et
1284 322 1407 353 dictum
1432 322 1536 354 filium
1556 334 1651 365 super

172 391 291 422 eisdem
315 388 624 432 transgressionibus
651 391 682 421 et
710 389 889 422 excessibus
914 390 1156 422 certificandum
1183 389 1262 422 citra
1289 390 1409 422 festum
1434 390 1649 423 PENTECOSTE

174 459 319 502 proximo
335 458 493 490 futurum.
541 457 583 489 In
596 457 689 500 cujus
704 460 763 490 etc.
809 457 904 490 Teste
922 458 1013 501 Rege
1029 459 1116 501 apud
1128 458 1317 492 WESTMON'
1329 470 1420 491 xxm.
1438 460 1489 492 die
1505 460 1630 492 Marcii.

219 527 278 549 This
290 527 376 549 relate<
389 529 415 548 to
427 533 472 548 one
483 527 508 548 of
525 526 567 548 the
579 533 653 554 many
664 527 772 554 quarrels
785 527 894 549 between
908 527 993 549 Prince
1005 527 1129 556 Llewelyn
1141 534 1172 556 ap
1184 527 1272 549 Griffin
1284 528 1331 549 and
1344 527 1401 550 Earl
1413 528 1517 556 Gilbert,
1528 529 1553 551 in
1565 529 1644 552 which

182 570 241 598 they
253 570 339 598 agreed
351 572 377 591 to
388 569 480 591 submit
492 568 556 591 their
567 568 708 597 grievanees
721 572 746 592 to
758 569 870 597 Edward,
883 570 924 592 the
935 570 1012 592 eldest
1024 577 1069 592 son
1081 570 1106 591 ot
1124 570 1209 599 Henry
1221 570 1279 592 IH..
1292 571 1345 592 who
1363 571 1509 599 despatched
1523 571 1604 600 Roger
1616 572 1644 594 de

182 612 283 640 Somery
295 611 342 633 and
354 610 430 640 Hugh
442 611 470 633 de
482 610 630 639 Turbervill,
641 616 667 633 to
678 611 777 640 enquire
789 611 841 634 into
855 612 894 633 the
906 612 968 634 local
980 611 1080 640 injuries
1093 612 1139 634 and
1151 612 1307 640 complaints.

795 755 1027 790 DCXXXIV.

175 837 473 870 AGREEMENT
532 836 771 870 BETWEEN
817 837 1028 870 MARGAM
1073 837 1238 870 ABBEY
1283 838 1385 871 AND
1431 839 1654 872 MIOHAEL

287 905 487 945 TUSARD,
543 905 602 938 OF
657 906 852 946 KENFIG,
899 907 1209 940 OONGERNING
1265 907 1299 940 A
1353 907 1505 941 LEASE
1560 909 1653 941 FOR

287 974 495 1007 TWENTY
521 974 688 1014 YEARS,
717 975 776 1007 OF
804 975 1106 1008 TWO-THIRDS
1133 976 1192 1009 OF
1219 977 1251 1008 A
1281 977 1545 1017 MESSUAGE,
1575 978 1653 1010 Ero.

630 1056 761 1100 [HARL.
787 1057 962 1097 CHARTER‚
989 1059 1029 1090 75
1053 1059 1095 1090 A.
1121 1058 1192 1101 41.]

783 1127 836 1159 ST.
862 1127 1035 1159 MARTIN'S
1058 1127 1146 1160 DAY.
1196 1129 1234 1160 11
1260 1128 1466 1160 NOVEMBER.
1516 1129 1611 1160 1267.

455 1208 1376 1242 O.I.R.O.G.R.A.P.H.U.M.

222 1290 296 1322 Hec
311 1292 359 1323 est
374 1291 546 1322 convencio
562 1290 649 1322 facta
674 1291 760 1322 inter
775 1290 931 1323 THOMAM
953 1292 1103 1324 abbatem
1121 1294 1152 1324 et
1171 1296 1366 1325 conventum
1391 1293 1431 1325 de
1448 1293 1601 1325 MARGAN
1619 1305 1658 1326 ex

177 1371 243 1391 una
268 1362 359 1401 parte
383 1362 415 1392 et
439 1359 655 1391 MICHAELEM
676 1359 815 1392 TUSARD
843 1362 882 1392 de
910 1360 1081 1393 KENEFEG
1107 1373 1146 1393 ex
1174 1362 1285 1400 altera,
1313 1373 1399 1394 anno
1426 1362 1659 1394 incarnacionis

176 1429 300 1461 domini
312 1439 429 1460 MCCLX.
447 1429 582 1471 septimo
598 1429 633 1461 in
648 1429 731 1462 festo
747 1429 858 1462 Sancti
875 1429 1044 1462 MARTINl.
1082 1430 1245 1464 Videlicet
1268 1431 1355 1473 quod
1370 1431 1532 1473 predictus
1556 1432 1654 1464 abbas

175 1500 208 1530 et
224 1501 399 1530 conventus
414 1497 619 1530 tradiderunt
634 1498 814 1530 MICHAEH
832 1499 971 1531 TcsAnD
995 1500 1033 1531 de
1059 1499 1231 1531 KENEFEG
1257 1500 1308 1532 vel
1327 1500 1499 1533 heredibus
1520 1502 1585 1533 suis
1605 1502 1657 1533 vel

176 1567 347 1610 assignatis
363 1567 404 1599 ad
419 1567 594 1599 terminum
617 1567 736 1610 viginti
762 1580 920 1601 annorum
945 1569 1025 1600 duas
1049 1571 1156 1611 partes
1177 1569 1274 1601 unius
1295 1570 1469 1612 messuagii
1491 1582 1563 1602 cum
1587 1573 1656 1602 orto

174 1648 240 1669 uno
256 1638 288 1668 et
304 1636 406 1668 crofto
422 1638 453 1668 et
469 1648 535 1668 una
550 1648 623 1668 acra
638 1639 730 1676 terre,
748 1648 810 1679 que
826 1649 897 1669 acra
913 1637 999 1679 jacet
1014 1637 1111 1680 juxta
1132 1649 1249 1670 novam
1270 1638 1390 1670 fossam
1414 1640 1456 1671 ad
1482 1639 1656 1671 australem

173 1707 298 1748 partem
336 1707 367 1737 et
398 1704 493 1747 juxta
522 1707 641 1737 terram
672 1705 837 1737 Pmmpm
869 1706 942 1737 Con
973 1708 1005 1737 et
1032 1718 1094 1748 que
1124 1709 1231 1749 partes
1261 1708 1435 1750 messuagii
1466 1717 1541 1739 sunt
1571 1708 1656 1740 inter

175 1774 393 1816 messuagium
410 1774 599 1806 WILLELMt
616 1773 744 1806 Srumn
760 1778 792 1806 et
808 1775 1027 1816 messuagium
1044 1774 1066 1807 J
1069 1786 1220 1807 oHANms
1241 1776 1425 1808 AscEmNE.
1462 1776 1655 1809 Tenendum

176 1846 209 1876 et
223 1843 409 1876 habendum
425 1844 464 1875 de
487 1843 580 1876 nobis
604 1846 636 1876 et
663 1844 758 1876 domo
781 1846 890 1876 nostra
914 1855 1015 1886 usque
1040 1845 1081 1876 ad
1107 1845 1289 1887 predictum
1316 1846 1492 1877 terminum
1519 1846 1654 1888 integre,

176 1912 294 1954 quiete,
307 1915 339 1944 et
351 1912 489 1954 pacifice.
531 1912 711 1944 Reddendo
726 1912 803 1944 inde
815 1913 986 1945 annuatim
999 1913 1091 1945 nobis
1102 1914 1265 1955 predictus
1277 1914 1442 1946 Mwmm
1456 1914 1506 1946 vel
1522 1914 1654 1947 heredes

170 1981 219 2013 sui
234 1981 286 2013 vel
309 1981 466 2024 assignati
490 1982 570 2013 duos
593 1981 710 2013 solidos
736 1981 965 2024 sterlingorum
989 1983 1031 2014 ad
1054 1983 1134 2014 duos
1158 1983 1235 2014 anni
1259 1984 1422 2022 terminos,
1439 1983 1589 2015 videlicet
1614 1983 1655 2015 ad

174 2050 292 2082 festum
310 2049 420 2082 Sancti
442 2050 639 2082 MICHAELIS
660 2050 830 2082 duodecim
856 2051 1013 2090 denarios,
1037 2055 1067 2084 et
1091 2052 1132 2083 ad
1158 2051 1280 2084 Pascha
1311 2052 1479 2084 duodecim
1506 2052 1654 2085 denarios

174 2130 231 2160 pro
269 2119 358 2151 omni
389 2118 520 2151 servicio
551 2119 717 2151 exactione
748 2122 779 2151 et
811 2121 980 2152 demanda.
1057 2120 1121 2152 Pro
1153 2121 1212 2153 hac
1238 2123 1348 2153 autem
1379 2121 1591 2153 convencione
1622 2124 1653 2154 et

175 2187 373 2220 concessione
397 2189 430 2219 et
444 2188 585 2229 presenti
612 2190 699 2220 carta
722 2189 966 2222 confirmacione
989 2190 1079 2222 dedit
1103 2190 1196 2222 nobis
1222 2191 1327 2223 dictus
1354 2190 1519 2222 MICHAEL
1547 2191 1656 2223 decem

175 2257 291 2289 solidos
324 2257 554 2299 sterlingorum
585 2258 802 2299 premanibus.
863 2258 933 2291 Nos
971 2271 1045 2292 vero
1083 2262 1116 2292 et
1154 2271 1345 2292 successores
1375 2259 1476 2292 nostri
1514 2260 1656 2301 predicto
