1998 2724
1539 155 1557 186 01

1560 155 1601 186 δ’,

170 315 324 348 ultimum
347 315 505 357 prefixum
532 314 707 346 terminum
737 313 818 346 mori
849 312 1021 355 contigerit
1049 338 1054 343 .
1082 311 1248 343 morientis
1274 310 1364 343 heres
1389 313 1533 342 taxatam
1561 310 1644 342 solu-

170 385 294 417 cionem
312 395 370 426 pro
385 384 536 416 defuncto
551 383 722 425 supplebit.
769 382 816 414 Et
831 382 907 425 quia
922 382 963 414 ad
985 381 1145 413 dictorum
1161 379 1416 412 satisfaccionem
1432 379 1646 421 dampnorum

170 453 277 485 minus
293 453 407 485 sufficit
423 451 553 484 tantilla
567 452 701 494 pecunie
718 451 836 484 solueio
854 477 860 483 .
878 451 1044 483 voluntate
1066 449 1154 481 ducti
1172 451 1347 492 spontanea
1363 448 1510 480 dedimus
1526 450 1558 480 et
1575 459 1647 479 con-

170 522 319 554 cessimus
342 521 413 553 Deo
434 524 467 552 et
488 520 616 553 ecclesie
640 520 680 552 B.
706 520 753 552 Μ.
777 521 816 552 de
837 520 987 552 MARGAN
1005 530 1062 550 nos
1078 523 1110 550 et
1126 518 1257 549 heredes
1272 517 1373 549 nostri
1391 518 1440 548 vel
1457 527 1648 548 successores

169 589 360 621 servicium.
380 589 555 620 xx‘i*1111⁰''-
575 587 744 620 hominum
768 588 823 630 qui
847 588 951 630 parati
974 590 1069 620 erunt
1092 587 1179 619 omni
1202 589 1346 628 tempore
1369 587 1410 618 ad
1434 585 1593 617 auxilium
1617 587 1648 617 et

171 657 391 690 defensionem
407 657 491 689 dicte
514 657 628 688 domus
651 668 745 699 super
768 658 915 698 sumptus
938 656 1167 688 monachorum
1191 658 1300 688 contra
1323 666 1433 687 omnes
1455 654 1651 696 injuriantes

170 728 277 768 preter
296 725 462 768 proprium
485 724 653 757 dominum
676 724 859 767 quicunque
882 724 922 757 ab
946 725 1067 756 eisdem
1090 724 1140 756 vel
1164 734 1275 755 eorum
1300 723 1471 766 assignatis
1494 722 1652 754 fuerimus

172 794 327 837 requisiti.
389 793 411 827 J
412 793 576 826 uravimus
592 793 690 825 etiam
707 805 801 835 super
816 795 1014 826 sacrosancta
1030 793 1158 825 ecclesie
1174 793 1214 825 de
1230 792 1384 824 MARGAN
1401 792 1487 834 quod
1503 791 1648 823 decetero

174 863 301 896 nuHum
338 863 515 906 dampnum
545 862 637 895 nullo
663 862 698 894 in
722 862 792 894 loco
816 862 974 894 dictorum
991 861 1221 894 monachorum
1237 861 1413 893 inferemus
1439 860 1557 892 eisdem
1576 885 1581 891 .
1601 859 1651 891 vel

175 932 288 965 inferri
303 943 361 975 pro
375 943 465 974 posse
481 934 590 964 nostro
605 931 830 974 permittemus
847 956 854 963 .
871 930 941 963 Neo
956 931 1081 963 furtum
1097 931 1137 962 de
1160 930 1252 963 bonis
1275 930 1340 962 suis
1362 929 1551 972 recipiemus
1569 954 1575 960 .
1593 939 1652 960 nec

173 1001 261 1034 fures
281 1013 337 1034 seu
360 1003 503 1043 raptores
526 999 684 1033 bonorum
709 1011 839 1032 suorum
867 1000 1149 1032 manutenebimus
1178 1002 1225 1031 set
1251 999 1360 1031 fideles
1387 999 1507 1031 eisdem
1533 998 1652 1031 erimus

172 1071 408 1113 imperpetuum
426 1095 432 1101 .
449 1081 508 1102 nec
529 1072 688 1102 terrarum
711 1080 841 1101 suarum
864 1069 1018 1101 terminos
1041 1080 1114 1100 eum
1137 1067 1331 1100 animalibus
1353 1067 1471 1100 nostris
1485 1067 1652 1110 pascendis

171 1139 364 1172 intrabimus
387 1139 494 1181 aliquo
517 1141 659 1181 tempore
683 1138 770 1170 anni.
832 1137 867 1170 Si
890 1150 964 1170 vero
987 1149 1045 1170 nos
1068 1149 1124 1170 seu
1139 1137 1270 1169 heredes
1286 1137 1387 1169 nostri
1403 1139 1513 1169 contra
1529 1137 1650 1169 dictam

173 1208 312 1240 formam
328 1208 414 1251 quod
429 1206 511 1240 absit
527 1207 702 1250 aliquando
718 1207 827 1240 venire
846 1207 1132 1250 presumpserimus
1150 1232 1156 1238 .
1181 1206 1330 1238 videlicet
1352 1208 1389 1238 ut
1413 1217 1485 1238 cum
1501 1205 1650 1238 animali-

171 1277 232 1309 bus
247 1276 413 1319 pascendis
427 1276 582 1308 terminos
596 1276 827 1308 monachorum
840 1276 999 1308 dictorum
1011 1276 1078 1308 ullo
1090 1277 1233 1317 tempore
1249 1276 1392 1307 decetero
1408 1275 1631 1318 ingrediamur
1644 1299 1651 1307 .

172 1345 207 1378 in
223 1357 340 1388 penam
355 1345 615 1388 transgressionis
631 1344 779 1377 dabimus
795 1345 889 1377 dictis
911 1344 1076 1376 monachis
1100 1344 1236 1387 singulis
1259 1343 1382 1375 vicibus
1405 1343 1522 1386 quibus
1545 1346 1647 1376 trans-

171 1414 271 1458 gressi
281 1414 436 1447 fuerimus
448 1439 454 1446 .
467 1425 526 1456 pro
535 1425 728 1456 unoquoque
741 1413 838 1446 bove.
851 1425 907 1446 seu
919 1425 1013 1446 vacca
1030 1439 1035 1445 .
1050 1424 1131 1455 equo
1145 1439 1150 1445 .
1165 1412 1216 1445 vel
1232 1424 1332 1455 equa.
1346 1412 1515 1445 denarium
1524 1423 1627 1444 unum
1642 1438 1648 1443 .

169 1494 228 1526 pro
253 1508 259 1514 .
281 1494 346 1515 ΧΠ.
368 1482 480 1515 ovibus
501 1482 669 1515 denarium
689 1494 793 1514 unum
815 1508 821 1514 .
845 1493 902 1524 pro
926 1482 1062 1514 totidem
1083 1482 1186 1524 porcis
1211 1493 1265 1514 seu
1289 1482 1391 1524 capris
1410 1482 1615 1513 tantumdem
1640 1507 1647 1512 .

168 1552 288 1594 absque
311 1551 560 1584 contradictione
583 1551 700 1593 aliqua.
747 1551 909 1585 Volumus
931 1551 1029 1583 etiam
1052 1553 1089 1582 ut
1112 1550 1213 1582 sinos
1229 1562 1282 1582 seu
1298 1550 1430 1582 heredes
1445 1550 1549 1582 nostri
1565 1550 1649 1581 dicte

169 1621 272 1653 forme
294 1620 451 1653 fuerimus
474 1624 723 1663 transgressores
746 1646 753 1652 .
774 1621 860 1662 quod
883 1620 1033 1652 dominus
1056 1619 1298 1651 LANDAVENSIS
1322 1620 1487 1661 episcopus
1510 1619 1566 1660 qui
1588 1629 1646 1660 pro

168 1693 310 1733 tempore
334 1689 433 1722 fuerit
455 1689 505 1721 vel
528 1689 675 1732 ejusdem
697 1690 781 1722 sedis
804 1689 984 1722 ordinarius
1006 1688 1125 1731 absque
1148 1688 1284 1731 strepitu
1298 1688 1445 1731 judiciali
1461 1699 1519 1720 nos
1535 1688 1644 1720 statim

167 1757 506 1791 excommunicationis
521 1760 553 1790 et
567 1758 731 1790 interdicti
748 1758 908 1790 sentencie
929 1760 1098 1800 supponat.
1146 1757 1191 1789 Et
1214 1757 1289 1799 quja
1312 1757 1419 1799 sigilla
1435 1757 1563 1799 propria
1579 1767 1644 1788 non

167 1826 321 1859 habemus
338 1852 344 1858 .
363 1826 404 1858 ad
425 1826 617 1868 peticionem
640 1829 782 1858 nostram
806 1827 960 1858 dominus
979 1826 1196 1859 W1LLELMus
1219 1827 1258 1857 de
1275 1825 1397 1858 Bmmo
1413 1828 1490 1857 tunc
1505 1825 1645 1857 LANDA-

166 1906 282 1927 vnnsw
297 1895 462 1937 episcopus
477 1894 553 1926 huic
569 1895 686 1937 scripto
703 1895 848 1937 sigillum
872 1907 966 1927 suum
982 1894 1131 1937 apposuit
1157 1906 1222 1926 una
1244 1906 1317 1926 cum
1341 1894 1456 1937 sigillis
1469 1919 1476 1925 .
1493 1894 1641 1936 magistri

169 1963 277 1996 Gomo
305 1967 383 1995 tunc
405 1963 599 2006 precentoris
622 1963 807 1995 mevm
833 1989 839 1995 .
864 1966 896 1996 et
920 1963 974 1996 W.
1000 1964 1039 1995 de
1063 1962 1235 1996 CANETON’
1259 1966 1337 1994 tunc
1361 1963 1473 1994 decani
1496 1962 1641 2004 ejusdem

166 2033 228 2065 loci
245 2058 251 2064 .
268 2032 414 2075 judicum
437 2043 456 2063 a
479 2032 610 2064 domino
633 2031 724 2074 Papa
747 2032 1029 2075 subdelegatorum
1045 2032 1086 2064 ad
1102 2034 1204 2063 totam
1221 2043 1347 2063 eausam
1364 2043 1426 2073 que
1441 2031 1526 2062 inter
1538 2042 1595 2062 nos
1611 2033 1642 2062 et

165 2101 260 2134 dictis
289 2100 461 2133 monachos
495 2100 687 2133 vertebatur.
735 2100 813 2132 Hiis
842 2100 978 2132 testibus
1003 2126 1008 2131 .
1034 2099 1184 2132 Dominis
1215 2099 1434 2132 GILLEBERTO
1465 2099 1504 2131 de
1535 2098 1639 2131 Emu-

166 2180 343 2202 FRAMUILE
376 2195 382 2201 .
415 2169 592 2202 WALTERO
619 2169 659 2201 de
690 2168 818 2201 SULmA
848 2195 853 2200 .
883 2168 1010 2201 THOMA
1041 2168 1157 2201 vicario
1188 2169 1228 2200 de
1266 2167 1505 2200 LLAN'rmsssN
1532 2192 1537 2198 .
1563 2170 1641 2199 tune

164 2239 351 2271 cancellario
376 2238 499 2272 domini
525 2237 664 2280 episcopi
694 2237 938 2270 LANDAVENsss
965 2264 971 2270 .
999 2237 1193 2270 RADULPHO
1218 2239 1295 2269 tunc
1316 2239 1435 2268 rectore
1455 2235 1584 2268 ecclesie
1602 2236 1642 2266 de

319 2345 372 2372 3Τ
