<?xml version="1.0" encoding="UTF-8"?>
<!DOCTYPE html PUBLIC "-//W3C//DTD XHTML 1.0 Transitional//EN"
    "http://www.w3.org/TR/xhtml1/DTD/xhtml1-transitional.dtd">
<html xmlns="http://www.w3.org/1999/xhtml" xml:lang="en" lang="en">
 <head>
  <title>
</title>
<meta http-equiv="Content-Type" content="text/html;charset=utf-8" />
  <meta name='ocr-system' content='tesseract 3.04.00' />
  <meta name='ocr-capabilities' content='ocr_page ocr_carea ocr_par ocr_line ocrx_word'/>
</head>
<body>
  <div class='ocr_page' id='page_1' title='image "./cartaeetaliamuni02claruoft_0389.png"; bbox 0 0 1998 2724; ppageno 0'>
   <div class='ocr_carea' id='block_1_1' title="bbox 1561 182 1623 213">
    <p class='ocr_par' dir='ltr' id='par_1_1' title="bbox 1561 182 1623 213">
     <span class='ocr_line' id='line_1_1' title="bbox 1561 182 1623 213; baseline 0.016 -1"><span class='ocrx_word' id='word_1_1' title='bbox 1561 182 1623 213; x_wconf 88' lang='grc'>605</span> 
     </span>
    </p>
   </div>
   <div class='ocr_carea' id='block_1_2' title="bbox 828 514 1031 547">
    <p class='ocr_par' dir='ltr' id='par_1_2' title="bbox 828 514 1031 547">
     <span class='ocr_line' id='line_1_2' title="bbox 828 514 1031 547; baseline 0.005 -1"><span class='ocrx_word' id='word_1_2' title='bbox 828 514 1031 547; x_wconf 90' lang='lat' dir='ltr'><strong>DLXXIX.</strong></span> 
     </span>
    </p>
   </div>
   <div class='ocr_carea' id='block_1_3' title="bbox 224 595 1638 699">
    <p class='ocr_par' dir='ltr' id='par_1_3' title="bbox 224 595 1638 699">
     <span class='ocr_line' id='line_1_3' title="bbox 224 595 1638 635; baseline 0.001 -7"><span class='ocrx_word' id='word_1_3' title='bbox 224 595 386 629; x_wconf 74' lang='lat' dir='ltr'><strong>GRANT</strong></span> <span class='ocrx_word' id='word_1_4' title='bbox 418 595 484 628; x_wconf 88' lang='lat' dir='ltr'>BY</span> <span class='ocrx_word' id='word_1_5' title='bbox 515 595 722 628; x_wconf 78' lang='lat' dir='ltr'><strong>WALTER</strong></span> <span class='ocrx_word' id='word_1_6' title='bbox 753 595 927 635; x_wconf 76' lang='lat' dir='ltr'><strong>LUVEL,</strong></span> <span class='ocrx_word' id='word_1_7' title='bbox 959 596 1018 629; x_wconf 81' lang='lat' dir='ltr'>OF</span> <span class='ocrx_word' id='word_1_8' title='bbox 1049 596 1299 630; x_wconf 81' lang='lat' dir='ltr'><strong>MINERALS</strong></span> <span class='ocrx_word' id='word_1_9' title='bbox 1332 597 1524 630; x_wconf 81' lang='lat' dir='ltr'>WITHIN</span> <span class='ocrx_word' id='word_1_10' title='bbox 1556 598 1638 631; x_wconf 85' lang='lat' dir='ltr'>HIS</span> 
     </span>
     <span class='ocr_line' id='line_1_4' title="bbox 594 664 1264 699; baseline 0.001 -2"><span class='ocrx_word' id='word_1_11' title='bbox 594 664 728 697; x_wconf 90' lang='lat' dir='ltr'>LAND</span> <span class='ocrx_word' id='word_1_12' title='bbox 760 665 818 697; x_wconf 90' lang='grc' dir='ltr'>ΤΟ</span> <span class='ocrx_word' id='word_1_13' title='bbox 851 665 1061 698; x_wconf 77' lang='lat' dir='ltr'>MARGAM</span> <span class='ocrx_word' id='word_1_14' title='bbox 1091 665 1264 699; x_wconf 88' lang='lat' dir='ltr'><strong>ABBEY.</strong></span> 
     </span>
    </p>
   </div>
   <div class='ocr_carea' id='block_1_4' title="bbox 725 747 1624 870">
    <p class='ocr_par' dir='ltr' id='par_1_4' title="bbox 725 747 1624 870">
     <span class='ocr_line' id='line_1_5' title="bbox 725 747 1126 790; baseline 0.002 -11"><span class='ocrx_word' id='word_1_15' title='bbox 725 747 901 790; x_wconf 74' lang='lat' dir='ltr'>[MARGAM</span> <span class='ocrx_word' id='word_1_16' title='bbox 934 748 1126 790; x_wconf 61' lang='lat' dir='ltr'>Oinarea]</span> 
     </span>
     <span class='ocr_line' id='line_1_6' title="bbox 931 830 1624 870; baseline 0.003 -9"><span class='ocrx_word' id='word_1_17' title='bbox 931 830 983 862; x_wconf 66' lang='lat' dir='ltr'>ST.</span> <span class='ocrx_word' id='word_1_18' title='bbox 1009 830 1116 862; x_wconf 72' lang='lat' dir='ltr'>MARY</span> <span class='ocrx_word' id='word_1_19' title='bbox 1139 830 1391 863; x_wconf 81' lang='lat' dir='ltr'>MAGDALENE&#39;S</span> <span class='ocrx_word' id='word_1_20' title='bbox 1414 831 1503 870; x_wconf 52' lang='lat' dir='ltr'>Daxv,</span> <span class='ocrx_word' id='word_1_21' title='bbox 1532 832 1624 864; x_wconf 84' lang='lat'>1253.</span> 
     </span>
    </p>
   </div>
   <div class='ocr_carea' id='block_1_5' title="bbox 187 911 1673 2060">
    <p class='ocr_par' dir='ltr' id='par_1_5' title="bbox 187 911 1673 2060">
     <span class='ocr_line' id='line_1_7' title="bbox 233 911 1667 954; baseline 0.001 -10"><span class='ocrx_word' id='word_1_22' title='bbox 233 911 345 944; x_wconf 80' lang='lat' dir='ltr'>Sciant</span> <span class='ocrx_word' id='word_1_23' title='bbox 359 923 390 954; x_wconf 92' lang='lat' dir='ltr'>p.</span> <span class='ocrx_word' id='word_1_24' title='bbox 408 913 441 943; x_wconf 89' lang='lat' dir='ltr'>et</span> <span class='ocrx_word' id='word_1_25' title='bbox 456 912 478 943; x_wconf 83' lang='lat' dir='ltr'>f.</span> <span class='ocrx_word' id='word_1_26' title='bbox 497 923 527 954; x_wconf 90' lang='lat' dir='ltr'>q.</span> <span class='ocrx_word' id='word_1_27' title='bbox 542 923 568 943; x_wconf 90' lang='grc'>0.</span> <span class='ocrx_word' id='word_1_28' title='bbox 586 911 785 944; x_wconf 78' lang='lat' dir='ltr'><strong>WALTERUS</strong></span> <span class='ocrx_word' id='word_1_29' title='bbox 813 911 935 944; x_wconf 77' lang='lat' dir='ltr'><strong>LUUEL</strong></span> <span class='ocrx_word' id='word_1_30' title='bbox 964 912 1095 943; x_wconf 85' lang='lat' dir='ltr'>consilio</span> <span class='ocrx_word' id='word_1_31' title='bbox 1122 914 1155 944; x_wconf 88' lang='lat' dir='ltr'>et</span> <span class='ocrx_word' id='word_1_32' title='bbox 1182 923 1311 944; x_wconf 82' lang='lat' dir='ltr'>assensu</span> <span class='ocrx_word' id='word_1_33' title='bbox 1338 913 1380 944; x_wconf 90' lang='lat' dir='ltr'>A.</span> <span class='ocrx_word' id='word_1_34' title='bbox 1408 913 1517 945; x_wconf 82' lang='lat' dir='ltr'>uxoris</span> <span class='ocrx_word' id='word_1_35' title='bbox 1541 925 1611 946; x_wconf 88' lang='lat' dir='ltr'>mee</span> <span class='ocrx_word' id='word_1_36' title='bbox 1635 916 1667 946; x_wconf 71' lang='lat' dir='ltr'>et</span> 
     </span>
     <span class='ocr_line' id='line_1_8' title="bbox 193 981 1673 1023; baseline 0.001 -10"><span class='ocrx_word' id='word_1_37' title='bbox 193 981 350 1013; x_wconf 81' lang='lat' dir='ltr'><strong>heredum</strong></span> <span class='ocrx_word' id='word_1_38' title='bbox 372 992 517 1013; x_wconf 89' lang='lat' dir='ltr'>meorum</span> <span class='ocrx_word' id='word_1_39' title='bbox 535 1006 541 1012; x_wconf 92' lang='lat'>.</span> <span class='ocrx_word' id='word_1_40' title='bbox 560 981 634 1013; x_wconf 89' lang='lat' dir='ltr'>dedi</span> <span class='ocrx_word' id='word_1_41' title='bbox 659 983 691 1012; x_wconf 85' lang='lat' dir='ltr'>et</span> <span class='ocrx_word' id='word_1_42' title='bbox 714 981 852 1013; x_wconf 77' lang='lat' dir='ltr'>concessi</span> <span class='ocrx_word' id='word_1_43' title='bbox 869 983 900 1012; x_wconf 88' lang='lat' dir='ltr'>et</span> <span class='ocrx_word' id='word_1_44' title='bbox 916 981 975 1012; x_wconf 86' lang='lat' dir='ltr'>hac</span> <span class='ocrx_word' id='word_1_45' title='bbox 992 981 1132 1023; x_wconf 77' lang='lat' dir='ltr'>presenti</span> <span class='ocrx_word' id='word_1_46' title='bbox 1150 984 1237 1013; x_wconf 80' lang='lat' dir='ltr'>carta</span> <span class='ocrx_word' id='word_1_47' title='bbox 1258 992 1330 1014; x_wconf 86' lang='lat' dir='ltr'>mea</span> <span class='ocrx_word' id='word_1_48' title='bbox 1351 982 1537 1015; x_wconf 88' lang='lat' dir='ltr'>confirmavi</span> <span class='ocrx_word' id='word_1_49' title='bbox 1554 983 1625 1015; x_wconf 92' lang='lat' dir='ltr'>Deo</span> <span class='ocrx_word' id='word_1_50' title='bbox 1641 985 1673 1015; x_wconf 90' lang='lat' dir='ltr'>et</span> 
     </span>
     <span class='ocr_line' id='line_1_9' title="bbox 190 1050 1672 1092; baseline 0.001 -10"><span class='ocrx_word' id='word_1_51' title='bbox 190 1062 216 1082; x_wconf 87' lang='lat' dir='ltr'>e.</span> <span class='ocrx_word' id='word_1_52' title='bbox 235 1050 275 1082; x_wconf 87' lang='lat' dir='ltr'>B.</span> <span class='ocrx_word' id='word_1_53' title='bbox 293 1050 340 1082; x_wconf 89' lang='lat' dir='ltr'>M.</span> <span class='ocrx_word' id='word_1_54' title='bbox 359 1051 398 1082; x_wconf 89' lang='lat' dir='ltr'>de</span> <span class='ocrx_word' id='word_1_55' title='bbox 414 1050 462 1082; x_wconf 87' lang='lat' dir='ltr'>M.</span> <span class='ocrx_word' id='word_1_56' title='bbox 479 1053 511 1082; x_wconf 88' lang='lat' dir='ltr'>et</span> <span class='ocrx_word' id='word_1_57' title='bbox 527 1062 569 1082; x_wconf 78' lang='lat' dir='ltr'>m.</span> <span class='ocrx_word' id='word_1_58' title='bbox 587 1050 607 1082; x_wconf 91' lang='lat' dir='ltr'>i.</span> <span class='ocrx_word' id='word_1_59' title='bbox 626 1050 668 1082; x_wconf 91' lang='lat' dir='ltr'>D.</span> <span class='ocrx_word' id='word_1_60' title='bbox 687 1062 709 1082; x_wconf 73' lang='lat'>8.</span> <span class='ocrx_word' id='word_1_61' title='bbox 729 1050 946 1082; x_wconf 75' lang='lat' dir='ltr'>omnimodam</span> <span class='ocrx_word' id='word_1_62' title='bbox 968 1050 1138 1082; x_wconf 83' lang='lat' dir='ltr'>mineriarn</span> <span class='ocrx_word' id='word_1_63' title='bbox 1162 1050 1239 1082; x_wconf 81' lang='lat' dir='ltr'>ferri</span> <span class='ocrx_word' id='word_1_64' title='bbox 1255 1053 1287 1082; x_wconf 90' lang='lat' dir='ltr'>et</span> <span class='ocrx_word' id='word_1_65' title='bbox 1302 1050 1436 1092; x_wconf 88' lang='lat' dir='ltr'>plumbo</span> <span class='ocrx_word' id='word_1_66' title='bbox 1452 1052 1487 1083; x_wconf 92' lang='lat' dir='ltr'>in</span> <span class='ocrx_word' id='word_1_67' title='bbox 1503 1055 1571 1084; x_wconf 81' lang='lat' dir='ltr'>tota</span> <span class='ocrx_word' id='word_1_68' title='bbox 1586 1055 1672 1084; x_wconf 82' lang='lat' dir='ltr'>terra</span> 
     </span>
     <span class='ocr_line' id='line_1_10' title="bbox 191 1118 1670 1162; baseline 0.001 -11"><span class='ocrx_word' id='word_1_69' title='bbox 191 1131 263 1152; x_wconf 89' lang='lat' dir='ltr'>mea</span> <span class='ocrx_word' id='word_1_70' title='bbox 278 1119 461 1161; x_wconf 80' lang='lat' dir='ltr'>ubicunque</span> <span class='ocrx_word' id='word_1_71' title='bbox 477 1119 611 1151; x_wconf 87' lang='lat' dir='ltr'>inventa</span> <span class='ocrx_word' id='word_1_72' title='bbox 626 1118 726 1151; x_wconf 86' lang='lat' dir='ltr'>fuerit</span> <span class='ocrx_word' id='word_1_73' title='bbox 744 1145 749 1150; x_wconf 95' lang='lat'>.</span> <span class='ocrx_word' id='word_1_74' title='bbox 768 1122 823 1151; x_wconf 85' lang='lat' dir='ltr'>aut</span> <span class='ocrx_word' id='word_1_75' title='bbox 840 1119 978 1151; x_wconf 88' lang='lat' dir='ltr'>inveniri</span> <span class='ocrx_word' id='word_1_76' title='bbox 995 1119 1112 1161; x_wconf 83' lang='lat' dir='ltr'>poterit</span> <span class='ocrx_word' id='word_1_77' title='bbox 1127 1145 1131 1151; x_wconf 91' lang='lat'><em>.</em></span> <span class='ocrx_word' id='word_1_78' title='bbox 1147 1119 1330 1151; x_wconf 75' lang='lat' dir='ltr'>habendam</span> <span class='ocrx_word' id='word_1_79' title='bbox 1347 1122 1378 1151; x_wconf 85' lang='lat' dir='ltr'>et</span> <span class='ocrx_word' id='word_1_80' title='bbox 1394 1121 1619 1162; x_wconf 79' lang='lat' dir='ltr'>possidendam</span> <span class='ocrx_word' id='word_1_81' title='bbox 1636 1121 1670 1153; x_wconf 90' lang='lat' dir='ltr'>in</span> 
     </span>
     <span class='ocr_line' id='line_1_11' title="bbox 190 1188 1672 1232; baseline 0.001 -11"><span class='ocrx_word' id='word_1_82' title='bbox 190 1192 391 1232; x_wconf 83' lang='lat' dir='ltr'>perpetuum.</span> <span class='ocrx_word' id='word_1_83' title='bbox 440 1189 620 1222; x_wconf 88' lang='lat' dir='ltr'>Reddendo</span> <span class='ocrx_word' id='word_1_84' title='bbox 643 1189 720 1221; x_wconf 87' lang='lat' dir='ltr'>inde</span> <span class='ocrx_word' id='word_1_85' title='bbox 744 1189 842 1221; x_wconf 87' lang='grc'>11110111</span> <span class='ocrx_word' id='word_1_86' title='bbox 865 1189 1034 1220; x_wconf 72' lang='lat' dir='ltr'>annuatim</span> <span class='ocrx_word' id='word_1_87' title='bbox 1051 1191 1083 1220; x_wconf 92' lang='lat' dir='ltr'>et</span> <span class='ocrx_word' id='word_1_88' title='bbox 1106 1188 1277 1221; x_wconf 73' lang='lat' dir='ltr'>heredibus</span> <span class='ocrx_word' id='word_1_89' title='bbox 1292 1189 1372 1221; x_wconf 90' lang='lat' dir='ltr'>meis</span> <span class='ocrx_word' id='word_1_90' title='bbox 1390 1215 1396 1221; x_wconf 93' lang='lat'>.</span> <span class='ocrx_word' id='word_1_91' title='bbox 1414 1190 1570 1232; x_wconf 87' lang='lat' dir='ltr'>quamdiu</span> <span class='ocrx_word' id='word_1_92' title='bbox 1586 1191 1672 1223; x_wconf 89' lang='lat' dir='ltr'>dicta</span> 
     </span>
     <span class='ocr_line' id='line_1_12' title="bbox 190 1258 1670 1302; baseline 0.001 -12"><span class='ocrx_word' id='word_1_93' title='bbox 190 1258 327 1290; x_wconf 85' lang='lat' dir='ltr'>mineria</span> <span class='ocrx_word' id='word_1_94' title='bbox 349 1258 398 1290; x_wconf 84' lang='lat' dir='ltr'>uti</span> <span class='ocrx_word' id='word_1_95' title='bbox 414 1258 575 1290; x_wconf 84' lang='lat' dir='ltr'>voluerint</span> <span class='ocrx_word' id='word_1_96' title='bbox 597 1285 602 1290; x_wconf 95' lang='lat'>.</span> <span class='ocrx_word' id='word_1_97' title='bbox 627 1259 767 1291; x_wconf 81' lang='lat' dir='ltr'>cultrum</span> <span class='ocrx_word' id='word_1_98' title='bbox 784 1261 814 1290; x_wconf 84' lang='lat' dir='ltr'>et</span> <span class='ocrx_word' id='word_1_99' title='bbox 832 1269 992 1290; x_wconf 86' lang='lat' dir='ltr'>vomerem</span> <span class='ocrx_word' id='word_1_100' title='bbox 1012 1259 1053 1290; x_wconf 88' lang='lat' dir='ltr'>ad</span> <span class='ocrx_word' id='word_1_101' title='bbox 1069 1270 1216 1290; x_wconf 82' lang='lat' dir='ltr'>carneam</span> <span class='ocrx_word' id='word_1_102' title='bbox 1239 1269 1344 1290; x_wconf 89' lang='lat' dir='ltr'>meam</span> <span class='ocrx_word' id='word_1_103' title='bbox 1368 1259 1409 1291; x_wconf 88' lang='lat' dir='ltr'>ad</span> <span class='ocrx_word' id='word_1_104' title='bbox 1433 1259 1556 1291; x_wconf 85' lang='lat' dir='ltr'>Pascha</span> <span class='ocrx_word' id='word_1_105' title='bbox 1582 1285 1587 1291; x_wconf 91' lang='lat'><strong>.</strong></span> <span class='ocrx_word' id='word_1_106' title='bbox 1613 1272 1670 1302; x_wconf 84' lang='lat' dir='ltr'>pro</span> 
     </span>
     <span class='ocr_line' id='line_1_13' title="bbox 191 1326 1671 1361; baseline 0.001 -3"><span class='ocrx_word' id='word_1_107' title='bbox 191 1326 280 1358; x_wconf 88' lang='lat' dir='ltr'>omni</span> <span class='ocrx_word' id='word_1_108' title='bbox 295 1326 460 1358; x_wconf 77' lang='lat' dir='ltr'>exactione</span> <span class='ocrx_word' id='word_1_109' title='bbox 477 1326 610 1359; x_wconf 85' lang='lat' dir='ltr'>seculari</span> <span class='ocrx_word' id='word_1_110' title='bbox 634 1327 763 1359; x_wconf 84' lang='lat' dir='ltr'>servitio</span> <span class='ocrx_word' id='word_1_111' title='bbox 783 1353 787 1357; x_wconf 92' lang='lat'>.</span> <span class='ocrx_word' id='word_1_112' title='bbox 807 1327 858 1358; x_wconf 86' lang='lat' dir='ltr'>vel</span> <span class='ocrx_word' id='word_1_113' title='bbox 881 1327 1050 1358; x_wconf 85' lang='lat' dir='ltr'>demanda.</span> <span class='ocrx_word' id='word_1_114' title='bbox 1099 1326 1246 1359; x_wconf 84' lang='lat' dir='ltr'>Gonoessi</span> <span class='ocrx_word' id='word_1_115' title='bbox 1269 1328 1367 1359; x_wconf 87' lang='lat' dir='ltr'>etiam</span> <span class='ocrx_word' id='word_1_116' title='bbox 1390 1328 1510 1360; x_wconf 81' lang='lat' dir='ltr'>eisdem</span> <span class='ocrx_word' id='word_1_117' title='bbox 1533 1328 1671 1361; x_wconf 87' lang='lat' dir='ltr'>liberum</span> 
     </span>
     <span class='ocr_line' id='line_1_14' title="bbox 190 1395 1671 1438; baseline 0.001 -11"><span class='ocrx_word' id='word_1_118' title='bbox 190 1395 371 1437; x_wconf 84' lang='lat' dir='ltr'>ingressum</span> <span class='ocrx_word' id='word_1_119' title='bbox 397 1398 429 1427; x_wconf 91' lang='lat' dir='ltr'>et</span> <span class='ocrx_word' id='word_1_120' title='bbox 453 1407 616 1438; x_wconf 84' lang='lat' dir='ltr'>egressum</span> <span class='ocrx_word' id='word_1_121' title='bbox 642 1407 715 1428; x_wconf 85' lang='lat' dir='ltr'>cum</span> <span class='ocrx_word' id='word_1_122' title='bbox 738 1395 823 1438; x_wconf 84' lang='lat' dir='ltr'>bigis</span> <span class='ocrx_word' id='word_1_123' title='bbox 842 1398 874 1427; x_wconf 90' lang='lat' dir='ltr'>et</span> <span class='ocrx_word' id='word_1_124' title='bbox 895 1396 1062 1438; x_wconf 75' lang='lat' dir='ltr'>quadn&#39;gis</span> <span class='ocrx_word' id='word_1_125' title='bbox 1085 1422 1090 1427; x_wconf 87' lang='lat'><em>.</em></span> <span class='ocrx_word' id='word_1_126' title='bbox 1111 1395 1295 1438; x_wconf 86' lang='lat' dir='ltr'>ubicunque</span> <span class='ocrx_word' id='word_1_127' title='bbox 1322 1397 1356 1428; x_wconf 90' lang='lat' dir='ltr'>in</span> <span class='ocrx_word' id='word_1_128' title='bbox 1381 1397 1467 1428; x_wconf 82' lang='lat' dir='ltr'>dicta</span> <span class='ocrx_word' id='word_1_129' title='bbox 1491 1400 1577 1429; x_wconf 84' lang='lat' dir='ltr'>terra</span> <span class='ocrx_word' id='word_1_130' title='bbox 1599 1409 1671 1429; x_wconf 82' lang='lat' dir='ltr'>mea</span> 
     </span>
     <span class='ocr_line' id='line_1_15' title="bbox 190 1464 1670 1508; baseline 0.002 -12"><span class='ocrx_word' id='word_1_131' title='bbox 190 1464 334 1507; x_wconf 81' lang='lat' dir='ltr'>aliquam</span> <span class='ocrx_word' id='word_1_132' title='bbox 349 1465 518 1497; x_wconf 83' lang='lat' dir='ltr'>mineriam</span> <span class='ocrx_word' id='word_1_133' title='bbox 531 1465 685 1497; x_wconf 82' lang='lat' dir='ltr'>duxerint</span> <span class='ocrx_word' id='word_1_134' title='bbox 697 1465 895 1497; x_wconf 80' lang='lat' dir='ltr'>fodiendam.</span> <span class='ocrx_word' id='word_1_135' title='bbox 943 1465 996 1497; x_wconf 80' lang='lat' dir='ltr'>Ita</span> <span class='ocrx_word' id='word_1_136' title='bbox 1012 1465 1107 1507; x_wconf 80' lang='lat' dir='ltr'>plane</span> <span class='ocrx_word' id='word_1_137' title='bbox 1120 1465 1205 1507; x_wconf 90' lang='lat' dir='ltr'>quod</span> <span class='ocrx_word' id='word_1_138' title='bbox 1221 1465 1355 1497; x_wconf 84' lang='lat' dir='ltr'>nullain</span> <span class='ocrx_word' id='word_1_139' title='bbox 1371 1468 1534 1508; x_wconf 87' lang='lat' dir='ltr'>posterum</span> <span class='ocrx_word' id='word_1_140' title='bbox 1546 1467 1670 1499; x_wconf 85' lang='lat' dir='ltr'>ecclesi-</span> 
     </span>
     <span class='ocr_line' id='line_1_16' title="bbox 188 1534 1669 1576; baseline 0.002 -11"><span class='ocrx_word' id='word_1_141' title='bbox 188 1534 287 1566; x_wconf 82' lang='lat' dir='ltr'>astiea</span> <span class='ocrx_word' id='word_1_142' title='bbox 312 1534 501 1566; x_wconf 83' lang='lat' dir='ltr'>secularisve</span> <span class='ocrx_word' id='word_1_143' title='bbox 526 1546 661 1576; x_wconf 85' lang='lat' dir='ltr'>persona</span> <span class='ocrx_word' id='word_1_144' title='bbox 687 1535 754 1567; x_wconf 86' lang='lat' dir='ltr'>sine</span> <span class='ocrx_word' id='word_1_145' title='bbox 780 1546 910 1566; x_wconf 85' lang='lat' dir='ltr'>assensu</span> <span class='ocrx_word' id='word_1_146' title='bbox 937 1540 969 1566; x_wconf 79' lang='lat' dir='ltr'>et</span> <span class='ocrx_word' id='word_1_147' title='bbox 994 1534 1162 1566; x_wconf 80' lang='lat' dir='ltr'>voluntate</span> <span class='ocrx_word' id='word_1_148' title='bbox 1189 1534 1349 1566; x_wconf 85' lang='lat' dir='ltr'>dictorum</span> <span class='ocrx_word' id='word_1_149' title='bbox 1376 1535 1606 1567; x_wconf 85' lang='lat' dir='ltr'>monachorum</span> <span class='ocrx_word' id='word_1_150' title='bbox 1634 1536 1669 1568; x_wconf 89' lang='lat' dir='ltr'>in</span> 
     </span>
     <span class='ocr_line' id='line_1_17' title="bbox 189 1602 1671 1645; baseline 0.002 -11"><span class='ocrx_word' id='word_1_151' title='bbox 189 1603 301 1634; x_wconf 87' lang='lat' dir='ltr'>eadem</span> <span class='ocrx_word' id='word_1_152' title='bbox 317 1605 402 1634; x_wconf 83' lang='lat' dir='ltr'>terra</span> <span class='ocrx_word' id='word_1_153' title='bbox 418 1628 423 1634; x_wconf 95' lang='lat'>.</span> <span class='ocrx_word' id='word_1_154' title='bbox 436 1603 578 1645; x_wconf 87' lang='lat' dir='ltr'>aliquam</span> <span class='ocrx_word' id='word_1_155' title='bbox 593 1629 599 1635; x_wconf 85' lang='lat'><strong>.</strong></span> <span class='ocrx_word' id='word_1_156' title='bbox 613 1603 674 1635; x_wconf 85' lang='lat' dir='ltr'>sibi</span> <span class='ocrx_word' id='word_1_157' title='bbox 685 1604 794 1635; x_wconf 81' lang='lat' dir='ltr'>fodere</span> <span class='ocrx_word' id='word_1_158' title='bbox 810 1604 980 1635; x_wconf 85' lang='lat' dir='ltr'>mineriam</span> <span class='ocrx_word' id='word_1_159' title='bbox 994 1603 1098 1635; x_wconf 78' lang='lat' dir='ltr'>liceat.</span> <span class='ocrx_word' id='word_1_160' title='bbox 1147 1602 1211 1635; x_wconf 85' lang='lat' dir='ltr'>Pro</span> <span class='ocrx_word' id='word_1_161' title='bbox 1220 1603 1280 1635; x_wconf 86' lang='lat' dir='ltr'>hac</span> <span class='ocrx_word' id='word_1_162' title='bbox 1293 1606 1400 1636; x_wconf 84' lang='lat' dir='ltr'>autem</span> <span class='ocrx_word' id='word_1_163' title='bbox 1413 1605 1587 1636; x_wconf 78' lang='lat' dir='ltr'>donatione</span> <span class='ocrx_word' id='word_1_164' title='bbox 1600 1616 1671 1637; x_wconf 83' lang='lat' dir='ltr'>mea</span> 
     </span>
     <span class='ocr_line' id='line_1_18' title="bbox 187 1672 1667 1714; baseline 0.002 -11"><span class='ocrx_word' id='word_1_165' title='bbox 187 1672 346 1704; x_wconf 84' lang='lat' dir='ltr'>dederunt</span> <span class='ocrx_word' id='word_1_166' title='bbox 363 1672 461 1704; x_wconf 88' lang='lat' dir='ltr'>michi</span> <span class='ocrx_word' id='word_1_167' title='bbox 477 1673 555 1704; x_wconf 88' lang='lat' dir='ltr'>dicti</span> <span class='ocrx_word' id='word_1_168' title='bbox 571 1673 716 1705; x_wconf 86' lang='lat' dir='ltr'>monachi</span> <span class='ocrx_word' id='word_1_169' title='bbox 733 1674 797 1705; x_wconf 86' lang='lat' dir='ltr'>duo</span> <span class='ocrx_word' id='word_1_170' title='bbox 814 1673 975 1714; x_wconf 81' lang='lat' dir='ltr'>quarteria</span> <span class='ocrx_word' id='word_1_171' title='bbox 991 1672 1146 1704; x_wconf 73' lang='lat' dir='ltr'>frumenti</span> <span class='ocrx_word' id='word_1_172' title='bbox 1161 1698 1167 1703; x_wconf 91' lang='lat'><strong>.</strong></span> <span class='ocrx_word' id='word_1_173' title='bbox 1182 1672 1263 1704; x_wconf 81' lang='lat' dir='ltr'>circa</span> <span class='ocrx_word' id='word_1_174' title='bbox 1276 1672 1396 1705; x_wconf 82' lang='lat' dir='ltr'>festum</span> <span class='ocrx_word' id='word_1_175' title='bbox 1412 1672 1529 1705; x_wconf 82' lang='lat' dir='ltr'>Sancte</span> <span class='ocrx_word' id='word_1_176' title='bbox 1546 1673 1667 1706; x_wconf 78' lang='lat' dir='ltr'>MARIE</span> 
     </span>
     <span class='ocr_line' id='line_1_19' title="bbox 188 1741 1669 1784; baseline 0.001 -11"><span class='ocrx_word' id='word_1_177' title='bbox 188 1742 409 1773; x_wconf 73' lang='lat' dir='ltr'>MAGDALENE</span> <span class='ocrx_word' id='word_1_178' title='bbox 428 1767 434 1773; x_wconf 83' lang='grc'><strong>.</strong></span> <span class='ocrx_word' id='word_1_179' title='bbox 452 1742 582 1784; x_wconf 85' lang='lat' dir='ltr'>quando</span> <span class='ocrx_word' id='word_1_180' title='bbox 604 1741 662 1774; x_wconf 88' lang='grc'>1100</span> <span class='ocrx_word' id='word_1_181' title='bbox 679 1745 766 1774; x_wconf 84' lang='lat' dir='ltr'>carta</span> <span class='ocrx_word' id='word_1_182' title='bbox 789 1742 875 1774; x_wconf 77' lang='lat' dir='ltr'>faeta</span> <span class='ocrx_word' id='word_1_183' title='bbox 892 1741 956 1773; x_wconf 78' lang='lat' dir='ltr'>fuit</span> <span class='ocrx_word' id='word_1_184' title='bbox 974 1767 979 1773; x_wconf 88' lang='lat'>.</span> <span class='ocrx_word' id='word_1_185' title='bbox 998 1753 1083 1773; x_wconf 80' lang='lat' dir='ltr'>anno</span> <span class='ocrx_word' id='word_1_186' title='bbox 1107 1741 1230 1773; x_wconf 82' lang='lat' dir='ltr'>domini</span> <span class='ocrx_word' id='word_1_187' title='bbox 1249 1767 1255 1772; x_wconf 89' lang='lat'>.</span> <span class='ocrx_word' id='word_1_188' title='bbox 1273 1747 1318 1773; x_wconf 61' lang='grc' dir='ltr'>ΜΟ·</span> <span class='ocrx_word' id='word_1_189' title='bbox 1338 1748 1392 1773; x_wconf 73' lang='grc'>000·</span> <span class='ocrx_word' id='word_1_190' title='bbox 1411 1747 1451 1773; x_wconf 76' lang='lat' dir='ltr'>Lo.</span> <span class='ocrx_word' id='word_1_191' title='bbox 1469 1743 1576 1774; x_wconf 89' lang='lat' dir='ltr'>tercio.</span> <span class='ocrx_word' id='word_1_192' title='bbox 1624 1742 1669 1775; x_wconf 88' lang='lat' dir='ltr'>Et</span> 
     </span>
     <span class='ocr_line' id='line_1_20' title="bbox 189 1810 1670 1853; baseline 0.001 -11"><span class='ocrx_word' id='word_1_193' title='bbox 189 1810 354 1842; x_wconf 86' lang='lat' dir='ltr'>sciendum</span> <span class='ocrx_word' id='word_1_194' title='bbox 379 1811 466 1852; x_wconf 87' lang='lat' dir='ltr'>quod</span> <span class='ocrx_word' id='word_1_195' title='bbox 490 1822 550 1853; x_wconf 85' lang='lat' dir='ltr'>ego</span> <span class='ocrx_word' id='word_1_196' title='bbox 575 1813 608 1842; x_wconf 94' lang='lat' dir='ltr'>et</span> <span class='ocrx_word' id='word_1_197' title='bbox 637 1810 769 1842; x_wconf 86' lang='lat' dir='ltr'>heredes</span> <span class='ocrx_word' id='word_1_198' title='bbox 791 1811 854 1842; x_wconf 91' lang='lat' dir='ltr'>mei</span> <span class='ocrx_word' id='word_1_199' title='bbox 880 1811 998 1842; x_wconf 86' lang='lat' dir='ltr'>dictam</span> <span class='ocrx_word' id='word_1_200' title='bbox 1025 1810 1234 1842; x_wconf 82' lang='lat' dir='ltr'>donacionem</span> <span class='ocrx_word' id='word_1_201' title='bbox 1258 1810 1352 1842; x_wconf 88' lang='lat' dir='ltr'>dictis</span> <span class='ocrx_word' id='word_1_202' title='bbox 1372 1811 1537 1843; x_wconf 80' lang='lat' dir='ltr'>monachis</span> <span class='ocrx_word' id='word_1_203' title='bbox 1561 1814 1670 1844; x_wconf 86' lang='lat' dir='ltr'>contra</span> 
     </span>
     <span class='ocr_line' id='line_1_21' title="bbox 188 1879 1667 1922; baseline 0.001 -11"><span class='ocrx_word' id='word_1_204' title='bbox 188 1889 298 1911; x_wconf 89' lang='lat' dir='ltr'>omnes</span> <span class='ocrx_word' id='word_1_205' title='bbox 320 1879 472 1911; x_wconf 79' lang='lat' dir='ltr'>mortales</span> <span class='ocrx_word' id='word_1_206' title='bbox 494 1879 529 1910; x_wconf 91' lang='lat' dir='ltr'>in</span> <span class='ocrx_word' id='word_1_207' title='bbox 552 1883 745 1922; x_wconf 86' lang='lat' dir='ltr'>perpetuum</span> <span class='ocrx_word' id='word_1_208' title='bbox 768 1880 836 1911; x_wconf 83' lang='lat' dir='ltr'>sine</span> <span class='ocrx_word' id='word_1_209' title='bbox 859 1879 974 1911; x_wconf 77' lang='lat' dir='ltr'>fraude</span> <span class='ocrx_word' id='word_1_210' title='bbox 992 1879 1040 1910; x_wconf 87' lang='lat' dir='ltr'>vel</span> <span class='ocrx_word' id='word_1_211' title='bbox 1065 1879 1138 1911; x_wconf 84' lang='lat' dir='ltr'>dolo</span> <span class='ocrx_word' id='word_1_212' title='bbox 1158 1880 1446 1912; x_wconf 84' lang='lat' dir='ltr'>warantizabimus.</span> <span class='ocrx_word' id='word_1_213' title='bbox 1495 1881 1540 1912; x_wconf 82' lang='lat' dir='ltr'>Et</span> <span class='ocrx_word' id='word_1_214' title='bbox 1557 1886 1593 1912; x_wconf 88' lang='lat' dir='ltr'>ut</span> <span class='ocrx_word' id='word_1_215' title='bbox 1609 1881 1667 1913; x_wconf 89' lang='lat' dir='ltr'>hec</span> 
     </span>
     <span class='ocr_line' id='line_1_22' title="bbox 189 1947 1669 1991; baseline 0.001 -11"><span class='ocrx_word' id='word_1_216' title='bbox 189 1959 261 1980; x_wconf 89' lang='lat' dir='ltr'>mea</span> <span class='ocrx_word' id='word_1_217' title='bbox 283 1949 415 1981; x_wconf 86' lang='lat' dir='ltr'>donatio</span> <span class='ocrx_word' id='word_1_218' title='bbox 431 1952 462 1981; x_wconf 89' lang='lat' dir='ltr'>et</span> <span class='ocrx_word' id='word_1_219' title='bbox 487 1949 644 1981; x_wconf 82' lang='lat' dir='ltr'>concessio</span> <span class='ocrx_word' id='word_1_220' title='bbox 666 1949 828 1980; x_wconf 88' lang='lat' dir='ltr'>firmitatis</span> <span class='ocrx_word' id='word_1_221' title='bbox 843 1948 940 1981; x_wconf 90' lang='lat' dir='ltr'>robur</span> <span class='ocrx_word' id='word_1_222' title='bbox 956 1948 1126 1990; x_wconf 85' lang='lat' dir='ltr'>optineant</span> <span class='ocrx_word' id='word_1_223' title='bbox 1141 1948 1175 1979; x_wconf 88' lang='lat' dir='ltr'>in</span> <span class='ocrx_word' id='word_1_224' title='bbox 1197 1947 1345 1980; x_wconf 77' lang='lat' dir='ltr'>futurum</span> <span class='ocrx_word' id='word_1_225' title='bbox 1363 1974 1370 1981; x_wconf 84' lang='lat'><strong><em>.</em></strong></span> <span class='ocrx_word' id='word_1_226' title='bbox 1388 1950 1528 1991; x_wconf 83' lang='lat' dir='ltr'>presenti</span> <span class='ocrx_word' id='word_1_227' title='bbox 1552 1949 1669 1991; x_wconf 85' lang='lat' dir='ltr'>scripto</span> 
     </span>
     <span class='ocr_line' id='line_1_23' title="bbox 188 2017 1056 2060; baseline 0 -12"><span class='ocrx_word' id='word_1_228' title='bbox 188 2017 289 2059; x_wconf 86' lang='lat' dir='ltr'>sigilli</span> <span class='ocrx_word' id='word_1_229' title='bbox 304 2018 369 2049; x_wconf 86' lang='lat' dir='ltr'>mei</span> <span class='ocrx_word' id='word_1_230' title='bbox 384 2018 518 2060; x_wconf 80' lang='lat' dir='ltr'>apposui</span> <span class='ocrx_word' id='word_1_231' title='bbox 534 2018 776 2060; x_wconf 78' lang='lat' dir='ltr'>impressionem</span> <span class='ocrx_word' id='word_1_232' title='bbox 794 2043 800 2048; x_wconf 89' lang='lat'><strong>.</strong></span> <span class='ocrx_word' id='word_1_233' title='bbox 820 2017 897 2049; x_wconf 83' lang='lat' dir='ltr'>Hiis</span> <span class='ocrx_word' id='word_1_234' title='bbox 913 2017 1056 2049; x_wconf 79' lang='lat' dir='ltr'>testibus.</span> 
     </span>
    </p>
   </div>
   <div class='ocr_carea' id='block_1_6' title="bbox 231 2085 1344 2119">
    <p class='ocr_par' dir='ltr' id='par_1_6' title="bbox 231 2085 1344 2119">
     <span class='ocr_line' id='line_1_24' title="bbox 231 2085 1344 2119; baseline 0 -2"><span class='ocrx_word' id='word_1_235' title='bbox 231 2085 381 2118; x_wconf 85' lang='lat' dir='ltr'>Entitled</span> <span class='ocrx_word' id='word_1_236' title='bbox 388 2089 435 2109; x_wconf 87' lang='lat'>—‘</span> <span class='ocrx_word' id='word_1_237' title='bbox 449 2086 547 2118; x_wconf 83' lang='lat' dir='ltr'>Carta</span> <span class='ocrx_word' id='word_1_238' title='bbox 563 2086 703 2119; x_wconf 84' lang='lat' dir='ltr'>Walteri</span> <span class='ocrx_word' id='word_1_239' title='bbox 719 2086 825 2118; x_wconf 84' lang='lat' dir='ltr'>Luvel</span> <span class='ocrx_word' id='word_1_240' title='bbox 841 2087 881 2118; x_wconf 91' lang='lat' dir='ltr'>de</span> <span class='ocrx_word' id='word_1_241' title='bbox 896 2086 1032 2118; x_wconf 88' lang='lat' dir='ltr'>mincria</span> <span class='ocrx_word' id='word_1_242' title='bbox 1048 2086 1152 2118; x_wconf 75' lang='lat' dir='ltr'>ferrea</span> <span class='ocrx_word' id='word_1_243' title='bbox 1168 2088 1251 2117; x_wconf 85' lang='lat' dir='ltr'>terre</span> <span class='ocrx_word' id='word_1_244' title='bbox 1267 2086 1344 2118; x_wconf 88' lang='lat' dir='ltr'>sue.&#39;</span> 
     </span>
    </p>
   </div>
  </div>
 </body>
</html>
