1998 2724
1550 155 1612 186 395

846 315 984 348 OOOCI.

182 397 551 430 -CONFIRMATION
568 397 627 430 OF
642 397 675 429 A
693 397 855 429 GRANT
873 397 937 429 BY
954 396 1114 430 ROGER
1137 395 1256 429 OOLE
1280 395 1342 428 AT
1365 395 1658 428 NEWCASTLE

289 460 347 492 To
388 460 598 492 MARGAM
636 460 809 499 ABBEY,
850 460 914 492 BY
952 459 1155 492 MORGAN
1190 459 1251 491 ΑΡ
1290 458 1519 498 OARADOO,
1558 458 1657 491 THE

290 523 439 556 GHIEF
462 522 599 555 LORD.

725 567 900 609 [MARGAM
924 566 1119 609 CHARTER]

225 649 351 681 Notum
367 649 503 681 facimus
518 649 721 681 universitati
738 652 840 681 vestre
856 661 914 681 nos
929 661 986 691 pro
1004 649 1106 681 salute
1122 649 1228 680 anime
1245 650 1351 680 nostre
1373 650 1406 680 et
1423 650 1659 680 antecessorum

183 721 362 750 nostrorum
380 718 566 750 concessisse
582 721 615 750 et
630 718 771 760 presenti
788 720 875 749 carta
897 721 1005 750 nostra
1030 718 1232 750 confirmasse
1250 717 1415 749 monachis
1439 718 1479 749 de
1504 717 1660 749 MARGAN

184 788 391 820 donationem
408 799 505 829 quam
523 813 529 818 .
547 787 710 819 Roemms
731 813 736 819 .
763 787 853 819 OoLE
883 813 888 818 .
918 788 1013 819 homo
1036 798 1126 819 meus
1151 790 1183 818 et
1208 787 1348 818 serviens
1375 786 1452 818 fecit
1479 787 1600 819 eisdem
1626 787 1661 818 in

180 867 296 898 puram
317 860 349 888 et
370 859 558 899 perpetuam
580 859 611 888 et
637 856 771 888 liberam
795 856 1001 888 elemosinam
1032 857 1071 888 de
1102 855 1202 888 libera
1225 858 1311 888 terra
1336 867 1393 888 sua
1419 858 1499 898 aput
1529 855 1661 888 Novum

183 925 386 958 CASTELLUM
403 937 500 968 quam
515 926 591 958 dedi
613 926 642 958 ei
665 937 721 968 pro
741 937 797 957 suo
823 926 952 957 servitio
979 951 984 957 .
1013 929 1049 957 ut
1077 951 1082 956 .
1113 925 1232 957 scilicet
1257 925 1318 967 ipsi
1346 925 1494 956 monachi
1521 924 1663 957 habeant

184 995 287 1036 ipsam
303 998 421 1026 terram
437 1006 534 1037 quam
550 995 641 1027 dedit
664 995 709 1027 eis
731 1006 789 1037 pro
815 1000 903 1026 111J0¹²
923 995 1005 1026 acris
1030 1006 1091 1036 que
1110 994 1218 1036 jacent
1240 994 1281 1025 ad
1306 994 1461 1025 orientem
1486 993 1582 1025 rivuli
1607 994 1663 1035 qui

184 1068 315 1095 vocatur
330 1063 584 1096 ELLENEPULLE
601 1065 673 1096 lake
689 1065 833 1106 proxime
850 1066 933 1095 terre
951 1064 990 1095 de
1008 1063 1174 1095 Corsorum*
1190 1074 1245 1105 per
1259 1063 1376 1094 divisas
1395 1088 1400 1094 .
1419 1074 1498 1104 quas
1520 1063 1553 1094 in
1576 1065 1664 1094 carta

183 1133 284 1175 ipsius
302 1133 435 1165 Ros-sm
453 1133 660 1165 continentur
677 1159 682 1165 .
702 1134 770 1164 sine
786 1133 874 1164 omni
892 1132 1021 1164 servitio
1038 1134 1069 1164 et
1086 1132 1219 1163 seculari
1238 1132 1403 1164 exactione
1419 1135 1451 1163 et
1466 1132 1613 1164 molestia
1632 1134 1664 1163 et

185 1202 415 1233 consuetudine
445 1228 450 1233 .
479 1206 510 1234 et
538 1213 598 1244 ego
625 1202 727 1244 ipsam
756 1202 963 1234 donationem
990 1204 1100 1234 contra
1127 1212 1236 1233 omnes
1262 1201 1407 1233 homines
1437 1201 1660 1233 warantizabo.

180 1268 340 1302 Testibus.

227 1338 430 1371 Entitled-—‘
444 1339 654 1371 Confirmatio
666 1339 820 1381 Mox-gani
832 1340 872 1372 de
884 1343 970 1372 terra
983 1340 1105 1382 Rogeri
1118 1340 1194 1371 Oole
1210 1341 1295 1381 apud
1314 1340 1446 1372 Novum
1463 1339 1662 1372 Gastellum.'

842 1484 999 1517 OOOGII.

183 1565 345 1597 GRANT
384 1566 449 1598 BY
488 1566 701 1605 MORGAN,
734 1566 823 1599 SON
862 1567 921 1599 OF
963 1566 1158 1607 ORADOO,
1194 1567 1254 1599 OF
1292 1567 1390 1600 THE
1429 1568 1562 1601 LAND
1601 1570 1661 1602 OF

291 1627 497 1661 WALTER
550 1629 783 1668 LAHELES,
838 1630 931 1661 FOR
984 1630 1017 1662 A
1073 1630 1271 1662 YEARLY
1325 1631 1548 1671 MAUNDY,
1602 1632 1660 1665 TO

291 1690 502 1723 MARGAM
531 1692 704 1725 ABBEY.

724 1755 899 1798 [MARGAM
919 1755 1113 1798 CHARTER]

225 1834 384 1867 Omnibus
399 1835 516 1868 Sancte
532 1837 659 1868 ecclesie
677 1837 751 1868 filiis
767 1838 807 1869 ad
827 1849 906 1879 quos
930 1849 1059 1880 presens
1082 1839 1236 1880 scriptum
1261 1839 1440 1880 pervenerit
1463 1839 1658 1872 MORGANUS

180 1903 265 1936 filius
281 1903 428 1936 CRADOCI
445 1905 590 1937 salutem.

223 1972 338 2004 Sciatis
353 1984 405 2004 me
421 1973 544 2005 dedisse
559 1977 590 2006 et
607 1975 795 2006 concessisse
811 1978 842 2007 et
860 1976 920 2007 hac
936 1979 1024 2007 carta
1039 1976 1243 2008 confirmasse
1258 1977 1423 2009 monachis
1441 1979 1481 2010 de
1502 1978 1656 2011 MORGAN

178 2042 213 2074 in
239 2043 428 2084 perpetuam
455 2042 663 2074 elemosinam
690 2046 809 2075 terram
836 2056 898 2086 que
928 2044 993 2076 fuit
1024 2044 1195 2078 WALTEm
1228 2045 1389 2078 Lfflfflzs
1420 2048 1593 2079 tenendam
1624 2051 1657 2080 et

178 2110 361 2142 habendam
376 2110 474 2143 libere
497 2111 626 2153 pacifice
650 2114 682 2144 et
705 2113 813 2154 quiete
837 2114 1001 2145 reddendo
1023 2114 1104 2146 mihi
1126 2118 1157 2146 et
1180 2114 1350 2147 heredibus
1373 2127 1463 2147 meus
1486 2117 1656 2149 annuatim

176 2191 234 2222 pro
258 2180 346 2212 omni
370 2180 498 2212 servitio
521 2181 752 2213 consuetudine
776 2186 807 2213 et
831 2183 999 2215 exactione
1024 2190 1081 2214 1J⁰⁵·
1101 2183 1217 2215 solidos
1238 2185 1277 2215 ad
1301 2190 1390 2216 11150¹²
1409 2185 1563 2217 terminos
1579 2186 1656 2218 anni

179 2248 297 2280 scilicet
334 2249 375 2279 ad
411 2259 673 2291 unumquemque
697 2251 873 2283 terminum
898 2252 957 2283 VJd-
1020 2251 1109 2284 Nam
1133 2255 1238 2285 totum
1261 2253 1421 2295 reliquum
1445 2254 1531 2295 quod
1555 2266 1658 2286 comes
