1998 2724
1539 156 1602 188 493

795 353 1039 388 OOCGXCIII.

175 433 337 467 GRANT
381 432 448 465 BY
492 431 652 464 ROGER
698 429 893 462 STURMP
936 429 994 462 TO
1047 427 1258 461 MARGAM
1308 426 1471 459 ABBEY
1516 427 1575 459 OF
1620 426 1653 459 A

682 498 813 531 RENT
850 498 905 531 IN
942 497 1149 531 STURMY.

644 580 777 624 [HARL.
803 580 980 619 CHARTER,
1005 580 1046 612 75
1070 579 1113 612 D.
1139 579 1188 622 5.]

983 648 1122 680 EAsTER
1144 648 1234 680 DAY.
1282 648 1325 679 23
1341 647 1466 680 Apim„
1516 648 1609 679 1234.

217 734 387 768 Universis
403 733 545 766 Cmusrl
562 732 585 764 f.
602 744 633 775 p.
651 743 673 764 s.
692 743 722 763 v.
740 731 791 763 vel
806 743 834 763 a.
853 731 1015 763 Roomns
1031 730 1164 763 Swmm
1180 730 1317 762 salutem
1332 730 1366 762 in
1382 729 1534 762 Domino.

218 804 357 837 Noverit
378 802 570 835 universitas
593 803 699 833 vestra
722 801 809 843 quod
831 811 891 843 ego
916 811 1071 832 consensu
1094 802 1126 831 et
1142 799 1274 832 consilio
1289 799 1446 832 heredum
1461 810 1607 831 meorum
1622 801 1656 831 et

174 874 311 906 aliorum
324 873 499 905 amicorum
510 882 655 904 meorum
668 869 806 903 concessi
818 871 851 901 et
866 869 994 911 quitum
1010 868 1146 900 clamavi
1162 870 1193 901 et
1205 867 1266 900 hac
1280 870 1368 900 carta
1382 879 1454 900 mea
1470 868 1656 900 confirmavi

173 944 245 976 Deo
263 944 296 975 et
311 941 439 974 ecclesie
459 941 552 973 beate
573 939 695 972 Minna
712 940 753 971 de
768 939 924 971 MARGAN
941 941 974 970 et
989 949 1031 970 m.
1056 938 1076 970 i.
1095 938 1137 970 D.
1163 949 1186 970 s.
1212 949 1270 980 pro
1286 937 1390 970 salute
1413 937 1519 969 anime
1535 949 1604 970 mee
1620 939 1652 969 et

176 1014 412 1044 antecessorum
435 1011 468 1041 et
490 1019 704 1041 successorum
727 1018 873 1039 meorum
899 1032 905 1038 .
929 1009 1035 1038 totum
1058 1006 1199 1038 reditum
1222 1017 1331 1038 meum
1354 1007 1394 1039 de
1417 1008 1502 1038 terra
1518 1005 1652 1038 smum

175 1080 296 1113 scilicet
323 1079 492 1111 dimidiam
515 1089 656 1110 marcam
679 1077 807 1120 argenti
831 1087 928 1118 quam
951 1076 1029 1107 dicti
1059 1075 1209 1107 monachi
1232 1075 1377 1108 solebant
1400 1075 1498 1107 michi
1521 1075 1653 1107 reddere

170 1149 341 1182 annuatim
364 1174 370 1180 .
395 1148 477 1180 sicut
499 1150 587 1180 carta
608 1158 680 1179 mea
703 1157 801 1189 quam
823 1147 899 1178 inde
922 1145 1044 1178 habent
1061 1171 1066 1176 .
1085 1147 1231 1177 testatur.
1279 1143 1333 1177 Ita
1356 1145 1443 1187 quod
1457 1143 1599 1176 habeant
1614 1146 1647 1176 et

170 1220 303 1250 teneant
318 1219 358 1249 de
373 1229 425 1249 me
441 1219 474 1249 et
488 1216 659 1248 heredibus
675 1216 754 1248 meis
770 1216 890 1248 dictam
906 1218 1026 1248 terram
1042 1213 1175 1246 STURMI
1193 1224 1266 1246 cum
1280 1213 1430 1246 omnibus
1444 1213 1650 1255 pertinenciis

175 1288 240 1320 suis
261 1287 296 1319 in
319 1288 507 1329 perpetuam
531 1285 737 1318 elemosinam
760 1284 859 1317 libere
883 1284 990 1326 quiete
1014 1285 1046 1315 et
1068 1283 1198 1326 pacifice
1221 1282 1255 1314 in
1271 1284 1487 1325 perpetuum.
1505 1281 1545 1314 ab
1562 1282 1650 1314 omni

175 1357 306 1389 servicio
332 1355 562 1388 consuetudine
593 1357 625 1387 et
656 1354 823 1386 exactione
853 1353 987 1385 seculari
1019 1378 1024 1384 .
1058 1353 1139 1384 sicut
1165 1351 1234 1384 ulla
1257 1351 1431 1384 elemosina
1457 1351 1589 1383 liberius
1619 1353 1651 1383 et

175 1425 318 1468 quiecius
332 1425 443 1457 haberi
458 1426 562 1467 potest
578 1423 629 1456 vel
644 1423 756 1455 teneri.
803 1422 950 1465 Excepto
965 1421 1024 1453 hoc
1045 1421 1132 1463 quod
1146 1421 1283 1453 reddent
1305 1420 1404 1452 michi
1427 1422 1459 1452 et
1481 1420 1652 1452 heredibus

175 1495 255 1527 meis
270 1494 439 1526 annuatim
455 1504 557 1525 unum
573 1504 632 1535 par
648 1492 819 1524 calcarium
835 1491 887 1523 vel
903 1503 957 1523 sex
980 1490 1128 1523 denarios
1143 1490 1184 1522 ad
1208 1489 1332 1522 Pascha
1355 1490 1394 1522 de
1417 1489 1647 1532 recognitione.

176 1563 222 1595 Et
238 1574 298 1606 ego
313 1564 347 1594 et
360 1562 493 1594 heredes
508 1561 572 1594 mei
586 1561 670 1593 hanc
686 1560 1052 1603 quitam·clamati0nem
1068 1559 1161 1591 dictis
1183 1558 1348 1591 monachis
1371 1558 1651 1590 warantizabimus

175 1634 286 1665 contra
302 1642 411 1664 omnes
426 1631 572 1663 homines
587 1630 621 1662 in
638 1632 839 1672 perpetuum.
888 1629 933 1661 Et
949 1629 1114 1661 sciendum
1130 1628 1216 1670 quod
1232 1628 1361 1669 quando
1377 1627 1472 1659 dictis
1485 1627 1650 1659 monachis

175 1701 235 1734 feci
249 1700 333 1732 hanc
348 1700 473 1742 quitam
489 1699 713 1731 clamationem
733 1724 738 1729 .
757 1699 915 1730 dederunt
938 1697 1036 1729 michi
1051 1696 1200 1728 monachi
1223 1698 1352 1728 centum
1371 1696 1488 1728 solidos
1503 1696 1652 1738 sterling-

175 1780 278 1802 orum.
337 1768 391 1801 Ita
413 1768 562 1801 videlicet
584 1768 671 1810 quod
694 1767 720 1800 si
743 1767 860 1809 aliquis
892 1767 1047 1798 heredum
1078 1777 1223 1798 meorum
1245 1765 1419 1807 aliquando
1450 1768 1560 1797 contra
1591 1765 1650 1797 hoc

174 1849 284 1871 meum
318 1839 441 1870 factum
472 1837 581 1869 venire
613 1837 751 1868 voluerit
786 1862 792 1867 .
829 1839 861 1868 et
894 1835 1066 1867 monachos
1098 1834 1297 1876 implacitare
1320 1859 1326 1866 .
1353 1835 1465 1866 reddet
1486 1834 1651 1866 monachis

175 1907 353 1950 predictam
369 1917 528 1939 summam
543 1905 678 1948 pecunie
693 1907 868 1947 antequam
884 1903 1034 1936 monachi
1057 1905 1230 1935 teneantur
1251 1903 1452 1945 respondere.
1499 1902 1650 1935 Preterea

176 1976 341 2009 sciendum
379 1976 465 2017 quod
495 1974 555 2007 hoc
584 1974 708 2006 factum
746 1974 811 2005 fuit
841 1974 882 2005 ad
913 1972 1036 2004 Pascha
1065 1972 1249 2014 proximum
1279 1975 1352 2014 post
1381 1972 1651 2004 consecrationem

175 2044 345 2077 Emmmm
369 2043 642 2076 Gmrmmnnsm
658 2041 885 2084 archiepiscopi
903 2067 909 2073 .
928 2041 1045 2073 scilieet
1061 2052 1147 2072 anno
1163 2040 1298 2072 Domini
1313 2040 1483 2073 millesimo
1500 2041 1650 2073 ducente-

176 2113 256 2146 simo
272 2113 432 2145 tricesimo
448 2114 571 2155 quarto.
589 2111 668 2144 Hiis
683 2110 817 2143 testibus
834 2136 841 2143 .
859 2110 1020 2143 Romano
1036 2110 1076 2141 de
1100 2109 1297 2142 CANTILUPO
1315 2134 1321 2141 .
1339 2108 1490 2142 WmoNE
1508 2109 1624 2143 WAKE
1642 2135 1648 2141 .

175 2182 340 2215 Hnmuco
355 2181 522 2213 forestario
540 2206 546 2212 .
564 2180 586 2213 J
588 2190 729 2213 OHANNE
747 2178 887 2212 CROILLI
906 2204 912 2211 .
930 2179 1072 2211 Romano
1087 2181 1165 2210 tune
1179 2178 1284 2220 priore
1300 2178 1341 2210 de
1356 2177 1459 2210 NETE
1476 2204 1481 2210 .
1498 2178 1652 2210 RchRno

173 2253 251 2284 tunc
279 2250 444 2293 suppriore
471 2249 616 2292 ejusdem
647 2249 762 2281 domus
794 2273 800 2280 .
834 2247 1008 2280 GERVAsm
1037 2249 1071 2279 et
1102 2246 1280 2279 GALFRIDO
1310 2247 1475 2279 monachis
1505 2247 1651 2289 ejusdem
