1998 2724
1581 161 1641 192 631

209 320 242 348 et
271 315 508 348 constitutionis
537 314 717 358 infringere
744 315 795 347 vel
825 316 854 347 ei
884 327 965 347 ausu
994 316 1163 348 temerario
1194 316 1361 349 contraire.
1408 316 1444 349 Si
1474 317 1545 360 quis
1576 321 1685 351 autem

210 385 270 418 hoc
307 388 499 427 attemptare
529 384 759 426 presumpserit
788 385 1049 427 indignationem
1080 385 1321 428 Omnipotentis
1362 386 1426 419 Dei
1456 393 1488 419 et
1518 387 1686 420 beatorum

209 454 318 486 Pmm
334 458 366 486 et
382 453 492 486 PAULI
509 453 726 495 apostolorum
742 453 813 496 ejus
829 465 861 486 se
877 454 1003 486 noverit
1018 454 1231 487 incursurum.

253 524 378 556 Datum
393 522 575 554 Limum
590 534 620 554 v.
638 521 689 554 Id.
707 522 729 555 J
731 523 857 554 aunarii
874 522 1086 556 Pontificatus
1101 524 1202 556 nostri
1218 536 1303 557 anno
1319 525 1465 567 septimo.

252 592 474 624 Endorsed—‘
487 591 675 623 Alexander
699 591 802 623 1111²¹³-‘
851 595 858 609 ‘
872 592 969 628 Quod
990 593 1114 625 ratione
1138 593 1247 626 delicti
1270 605 1336 626 non
1359 605 1470 627 sumus
1485 596 1620 627 vocandi
1641 596 1683 628 ad

210 665 385 693 conventus
414 660 556 692 forenses
588 686 594 692 .
627 663 658 692 et
690 663 737 693 est
768 667 846 693 Ima.
880 662 914 693 in
946 662 1078 694 01·dine.’
1126 663 1333 695 ‘Alexander
1364 669 1455 696 nnus·
1505 664 1558 696 Ex
1596 667 1687 707 parte

209 730 368 773 siquidem
394 731 512 762 nostra.
560 728 611 761 De
633 729 757 762 ratione
780 730 889 762 delicti
914 757 920 762 .
947 730 1043 766 Quod
1066 743 1132 764 non
1155 743 1266 764 sumus
1289 733 1424 765 vocandi
1447 733 1489 765 ad
1512 736 1687 766 conventus

210 799 374 831 forenses?

254 867 324 900 The
338 867 452 899 leaden
475 867 574 900 Bulla
590 866 625 899 of
648 867 736 910 Pope
759 867 948 900 Alexander
972 880 1036 900 1111.
1062 869 1089 901 is
1112 870 1281 912 appended
1304 870 1349 912 by
1364 872 1491 903 strande
1514 871 1549 904 of
1571 872 1688 914 yellow

209 938 275 969 and
290 937 346 968 red
362 936 432 968 silk.

903 1106 993 1138 DOI.

209 1188 339 1221 BULL
384 1188 444 1220 OF
488 1187 608 1225 ROPE
654 1188 957 1221 ALEXANDER
1002 1189 1091 1221 IIII.
1139 1190 1194 1222 IN
1240 1190 1437 1223 FAVOUR
1483 1191 1542 1224 OF
1587 1191 1687 1224 THE

319 1257 602 1290 GISTEROIAN
659 1257 831 1297 ORDER,
878 1257 1010 1290 THAT
1055 1259 1154 1291 THE
1207 1259 1439 1293 MEMBERS
1485 1261 1547 1293 BE
1593 1261 1688 1294 NOT

318 1326 620 1359 PREJUDICED
678 1325 742 1358 BY
788 1327 856 1359 AN
863 1327 892 1359 Y
937 1327 1165 1360 SUMMONS
1219 1329 1442 1362 RATIONE
1489 1331 1693 1363 DELIOTI

320 1396 415 1428 SEU
459 1395 773 1428 CONTRAOTUS
817 1396 883 1429 BY
928 1396 1027 1429 THE
1073 1397 1338 1430 ORDINARY.

646 1477 821 1521 [MARGAM
846 1477 1041 1521 CHARTER.]
1112 1480 1151 1511 15
1169 1479 1251 1511 FER.
1300 1481 1368 1511 7m
1384 1480 1495 1512 YEAR.
1545 1482 1639 1513 1261.

251 1560 470 1592 ALEXANDER
493 1559 659 1602 episcopus
682 1571 790 1591 servus
813 1571 976 1592 servorum
999 1560 1062 1592 Dei
1081 1586 1086 1592 .
1105 1561 1230 1593 dilectis
1253 1561 1328 1594 filiis
1353 1587 1359 1593 .
1384 1561 1493 1594 abbati
1516 1563 1684 1595 Ommmu

207 1629 342 1671 ejusque
366 1628 572 1660 coabbatibus
596 1630 628 1660 et
655 1628 863 1661 conventibus
888 1629 1045 1661 universis
1067 1628 1317 1662 CISTERclENSIS
1341 1631 1461 1663 ordinis
1486 1632 1623 1664 salutem
1653 1634 1685 1664 et

207 1697 413 1740 apostolicam
429 1697 695 1729 benedictionem.

248 1766 332 1799 Cum
362 1765 464 1798 felicis
493 1766 721 1798 recordationis
751 1766 982 1798 INNoCENTms
1010 1792 1016 1798 .
1044 1767 1134 1809 Papa
1163 1793 1168 1799 .
1197 1768 1398 1810 predecessor
1419 1772 1528 1801 noster
1551 1770 1680 1802 duxerit

205 1836 412 1868 statuendum
431 1860 439 1867 .
454 1837 492 1866 ut
515 1835 656 1877 exempti
677 1838 935 1878 quantacumque
958 1837 1123 1878 gaudeant
1138 1836 1286 1869 fibertate
1305 1863 1310 1868 .
1328 1837 1556 1870 nichilominus
1572 1841 1681 1871 tamen

203 1904 327 1936 ratione
351 1903 459 1936 delicti
483 1915 538 1936 seu
561 1907 741 1936 contractus
767 1930 773 1936 .
802 1908 859 1936 aut
882 1905 927 1936 rei
951 1906 990 1936 de
1014 1917 1078 1947 qua
1101 1908 1212 1937 contra
1235 1906 1319 1948 ipsos
1342 1907 1452 1949 agitur
1474 1907 1534 1939 rite
1557 1909 1680 1950 possint

206 1984 312 2005 eoram
338 1973 480 2005 locorum
506 1973 675 2005 ordinariis
706 1974 869 2006 conveniri
901 1999 908 2005 .
937 1977 969 2006 et
998 1974 1047 2006 illi
1078 1975 1183 2016 quoad
1213 1975 1272 2007 hoc
1299 1986 1390 2007 suam
1420 1976 1454 2007 in
1484 1977 1568 2019 ipsos
1597 1977 1680 2019 juris

203 2042 376 2074 dictionem
402 2043 499 2083 prout
520 2041 574 2084 jus
601 2043 744 2085 exegerit
770 2054 914 2075 exercere
940 2069 946 2074 .
975 2055 1030 2075 vos
1057 2043 1242 2076 dubitantes
1265 2056 1306 2076 ne
1332 2056 1390 2086 per
1414 2045 1676 2078 constitutionem

200 2110 389 2153 hujusmodi
411 2109 614 2143 libertatibus
629 2113 661 2143 et
676 2111 937 2144 immunitatibus
954 2111 1043 2144 vobis
1066 2115 1098 2144 et
1121 2113 1227 2144 ordini
1250 2116 1354 2145 vestro
1377 2125 1434 2155 per
1456 2114 1626 2156 privilegia
1641 2118 1673 2146 et

202 2179 422 2221 indulgentias
445 2179 485 2211 ab
508 2179 678 2221 apostolice
702 2180 775 2212 sede
799 2180 951 2212 concessis
979 2205 986 2212 .
1015 2180 1211 2223 prejudioari
1234 2182 1338 2214 valeat
1363 2208 1370 2214 .
1395 2182 1486 2215 nobis
1509 2183 1675 2215 humiliter

203 2247 404 2291 supplicastis
437 2272 444 2279 .
476 2250 514 2280 ut
536 2248 702 2290 providere
726 2259 820 2290 super
843 2248 902 2281 hoc
925 2249 1152 2291 indempnitati
1178 2253 1281 2282 vestre
1303 2253 1437 2293 paterna
1460 2251 1675 2284 sollicitudine
