1998 2724
1536 144 1596 176 521

853 329 965 361 DXV.

170 410 333 444 GRANT
370 410 437 442 BY
475 409 695 442 RIOHARD
734 410 798 442 DE
846 399 1013 449 OLARE,
1060 408 1190 441 EARL
1229 408 1288 440 OF
1327 406 1646 446 GLOUGESTER,

278 479 337 512 OF
382 479 481 512 THE
526 478 699 511 MANOR
745 479 804 511 OF
842 478 1115 518 LEOKWITH,
1161 478 1219 510 TO
1280 476 1521 509 NICHOLAS
1582 475 1646 508 DE

277 548 508 582 SANFORD.

348 630 487 674 [TREAs.
506 641 546 662 oF
570 641 638 662 THE
663 630 888 664 Exenmcm.
937 630 1094 662 WALLlA.
1142 629 1227 662 ΒΑΘ.
1253 631 1283 667 2,
1307 628 1371 661 No.
1399 627 1468 671 10.]

1377 698 1602 730 1242—1262.

214 782 325 814 Sciant
339 782 502 824 presentes
517 784 550 812 51
566 781 667 813 futuri
688 781 774 823 quod
791 792 850 823 ego
868 780 1043 813 Rmmms
1058 781 1098 812 de
1115 780 1229 812 CLARE
1247 792 1350 812 comes
1367 779 1600 812 GLOUCEsTRm
1617 781 1649 811 51

169 851 400 884 HERTFORDIE
427 850 503 882 dedi
533 853 564 882 et
596 850 733 882 concessi
760 852 791 881 et
822 849 882 882 hac
912 850 1053 892 presenti
1085 851 1173 881 carta
1202 861 1274 881 mea
1304 848 1491 881 confirmavi
1518 848 1648 880 domino

171 920 352 952 Nmnomo
374 920 413 951 de
436 918 596 951 SANFORD
615 930 673 960 pro
693 918 846 961 homagio
866 921 897 950 51
920 918 1050 950 servicio
1076 930 1133 950 suo
1154 919 1260 950 totum
1281 917 1461 949 manerium
1482 928 1592 949 meum
1611 917 1651 948 de

169 989 326 1023 anoum
340 989 376 1021 111
393 988 610 1021 GLAMORGAN
628 999 700 1020 cum
721 988 928 1030 pertinenciis
943 988 1016 1020 suis.
1066 986 1267 1020 Habendum
1290 989 1323 1019 et
1345 987 1524 1019 tenendum
1547 986 1652 1018 eidem

168 1059 351 1091 Nmnomo
367 1060 398 1090 51
410 1057 583 1090 heredibus
604 1057 669 1089 suis
680 1057 731 1089 vel
747 1057 919 1100 assignatis
940 1056 1080 1099 exceptis
1096 1056 1118 1089 J
1120 1056 1211 1088 udeis
1226 1059 1258 1088 et
1273 1056 1350 1088 viris
1371 1055 1528 1098 religiosis
1544 1055 1583 1087 de
1599 1066 1651 1088 me

173 1128 329 1160 RICARDO
344 1129 377 1159 et
391 1126 562 1159 heredibus
576 1126 656 1158 meis
671 1125 770 1158 libere
786 1127 819 1158 et
836 1126 944 1168 quiete
958 1125 1040 1158 bene
1062 1128 1094 1158 et
1109 1125 1144 1157 in
1165 1137 1242 1167 pace
1263 1125 1389 1168 integre
1409 1128 1440 1156 51
1459 1124 1652 1157 hereditarie

172 1197 206 1229 in
231 1196 333 1229 boscis
353 1198 385 1228 51
405 1195 512 1238 planis
529 1195 564 1227 in
585 1195 686 1238 pratis
706 1197 739 1228 et
763 1195 903 1237 pastiuis
924 1195 958 1227 in
980 1195 1072 1227 terris
1093 1198 1126 1226 51
1152 1195 1244 1237 aquis
1268 1195 1302 1226 in
1327 1194 1388 1226 viis
1412 1197 1443 1226 51
1469 1194 1591 1226 semitis
1617 1194 1652 1226 in

170 1266 332 1309 homagiis
353 1268 386 1298 51
406 1265 586 1298 redditibus
606 1265 640 1296 in
662 1264 834 1307 vilenagiis
856 1267 889 1297 51
913 1264 1052 1297 serviciis
1075 1264 1110 1296 in
1132 1264 1263 1297 escaetis
1286 1264 1413 1296 releviis
1434 1266 1466 1296 et
1487 1264 1604 1296 wardis
1618 1264 1652 1296 in

172 1335 315 1378 piscariis
331 1337 363 1367 et
378 1335 502 1377 stagnis
516 1334 551 1366 in
566 1334 763 1366 molendinis
778 1336 810 1366 et
826 1333 976 1366 omnibus
992 1334 1063 1365 aliis
1089 1333 1296 1376 pertinenciis
1312 1333 1377 1365 suis
1392 1336 1424 1365 et
1440 1332 1653 1365 libertatibus.

171 1404 262 1437 Siout
282 1415 342 1446 ego
354 1403 437 1435 illud
457 1403 638 1435 manerium
651 1414 724 1435 cum
737 1402 885 1435 omnibus
904 1402 1110 1444 pertinenciis
1122 1402 1227 1434 eidem
1243 1401 1479 1444 pertinentibus
1491 1401 1608 1434 melius
1623 1404 1655 1434 et

170 1473 303 1506 liberius
324 1484 381 1514 per
403 1475 504 1504 rectas
519 1472 639 1504 divisas
654 1472 763 1514 aliquo
779 1474 922 1514 tempore
938 1472 1038 1504 tenui.
1086 1471 1249 1503 Faciendo
1271 1471 1348 1503 inde
1363 1472 1531 1503 annuatim
1550 1471 1655 1503 dietus

171 1543 373 1575 NICHOLAUS
400 1544 432 1574 51
458 1541 591 1574 heredes
610 1541 659 1574 sui
678 1541 729 1573 vel
751 1541 906 1584 assignati
925 1541 1066 1583 exceptis
1089 1540 1111 1573 J
1114 1541 1205 1573 udeis
1223 1544 1256 1572 51
1276 1540 1353 1572 viris
1376 1540 1534 1583 religiosis
1555 1540 1653 1572 michi

171 1612 326 1645 chAnno
341 1613 375 1643 et
398 1610 572 1642 heredibus
592 1611 672 1642 meis
693 1611 861 1643 servicium
883 1613 997 1653 quarte
1018 1611 1119 1653 partis
1136 1611 1224 1643 feodi
1245 1611 1343 1643 unius
1361 1611 1476 1643 militis
1490 1622 1548 1653 pro
1565 1611 1654 1643 omni

175 1680 307 1713 servicio
317 1682 349 1712 et
359 1679 525 1712 exactione
535 1681 567 1711 et
580 1682 665 1712 secta
675 1679 762 1712 curie
772 1681 805 1712 et
815 1680 987 1712 comitatus
996 1682 1030 1712 51
1041 1680 1236 1712 omnimodis
1247 1680 1532 1712 consuetudinibus
1543 1680 1656 1722 tolney

172 1749 224 1782 vel
240 1749 372 1781 alterius
386 1748 441 1781 rei.
488 1748 575 1781 Dedi
591 1747 722 1791 [etiam]
742 1751 774 1780 et
786 1749 927 1781 concessi
945 1749 1049 1781 eidem
1065 1748 1245 1781 Nmnomo
1268 1751 1300 1780 et
1322 1748 1493 1781 heredibus
1516 1749 1581 1781 suis
1603 1748 1655 1781 vel

173 1817 345 1861 assignatis
366 1816 506 1859 heybote
529 1820 562 1849 51
581 1816 717 1849 husbote
735 1817 771 1850 in
790 1817 940 1850 omnibus
961 1817 1088 1850 forestis
1109 1818 1190 1849 meis
1212 1818 1252 1850 de
1274 1817 1439 1850 MEYsKIN
1464 1829 1521 1860 per
1548 1818 1653 1849 visum

172 1887 413 1921 forestariorum
422 1898 576 1919 meorum.
636 1887 683 1919 Et
694 1898 754 1929 ego
771 1887 948 1920 Rmmnns
960 1887 1000 1919 de
1011 1886 1128 1919 CLARE
1138 1890 1171 1919 et
1180 1887 1312 1919 heredes
1326 1887 1391 1919 mei
1406 1887 1529 1919 dictum
1541 1898 1651 1919 mane-

171 1957 258 1989 rium
269 1956 309 1988 de
321 1955 477 1989 LEchn
499 1967 572 1988 cum
588 1955 737 1988 omnibus
746 1956 953 1998 pertinenciis
963 1956 1029 1988 suis
1044 1958 1081 1988 ut
1096 1955 1277 1998 predictum
1294 1959 1340 1988 est
1352 1956 1457 1988 eidem
1469 1956 1650 1988 NICHOLAO

171 2029 204 2058 et
227 2023 398 2057 heredibus
420 2024 485 2056 suis
509 2025 560 2057 vel
583 2025 754 2067 assignatis
777 2025 919 2067 exceptis
941 2024 1057 2057 Judeis
1080 2027 1113 2057 et
1136 2025 1212 2057 viris
1234 2025 1392 2068 religiosis
1413 2028 1523 2057 contra
1539 2036 1650 2057 omnes

173 2093 329 2137 gentesin
339 2095 530 2136 perpetuum
548 2093 836 2127 warantizabimus.
885 2094 931 2126 Et
955 2098 989 2126 ut
1006 2094 1064 2126 hec
1078 2105 1151 2126 mea
1163 2095 1294 2126 donatio
1311 2097 1343 2126 et
1358 2094 1515 2126 concessio
1531 2096 1563 2126 51
1578 2105 1649 2136 pre-

172 2163 271 2195 sentis
293 2164 378 2194 carte
395 2173 464 2194 mee
481 2162 682 2196 confirmacio
697 2162 795 2195 robur
814 2165 968 2205 perpetue
991 2162 1153 2195 firmitatis
1176 2163 1343 2206 optineant
1366 2175 1439 2195 cum
1463 2162 1562 2205 sigini
1585 2162 1648 2194 mei

169 2231 377 2274 impressione
392 2230 549 2263 roboravi.
597 2231 674 2263 Hiis
690 2231 824 2264 testibus
842 2258 848 2264 .
862 2231 993 2264 domino
1009 2231 1194 2264 STEPHANO
1208 2232 1351 2264 Bru-cmv
1371 2234 1450 2264 tunc
1465 2231 1649 2263 vicecomite

322 2338 376 2365 3Q
