1998 2724
1519 168 1580 198 :397

799 328 971 361 OCOOIV.

148 411 464 446 CERTIFICATE
495 411 560 443 BY
590 411 794 443 MORGAN
825 411 889 443 AB
922 409 1106 443 CRADOO
1137 409 1196 442 OF
1228 409 1326 441 THE
1355 408 1625 444 QUITULAIM

357 481 416 513 OF
447 480 631 513 ORADOO
663 480 724 512 ΑΡ
755 480 883 512 JOHN
914 480 972 512 TO
1004 479 1215 512 MARGAM
1248 478 1423 511 ABBEY.

692 562 866 605 [MARGAM
896 561 1091 605 CHAR'FER]

195 646 354 679 Omnibus
377 646 493 678 Sancte
516 645 644 677 ecclesie
667 645 741 676 filiis
765 644 966 686 presentibus
989 649 1019 675 et
1042 643 1162 675 futuris
1178 643 1219 675 ad
1236 654 1314 685 quos
1331 653 1458 684 presens
1475 641 1629 683 scriptum

149 716 329 758 pervenerit
349 741 353 746 .
372 715 566 747 MORGANUS
582 714 668 746 filius
684 714 832 745 omnom
851 713 997 744 salutem.

195 785 332 817 Noverit
347 784 538 816 universitas
553 786 657 815 vestra
676 809 681 813 .
699 783 785 824 quod
802 782 975 814 Omoocus
992 782 1077 813 filius
1100 781 1122 813 J
1124 791 1277 813 0HANN1S
1300 779 1435 812 liberam
1451 783 1483 811 et
1507 779 1631 821 quitam

150 854 302 886 clamavit
328 853 492 885 monachis
516 853 556 884 de
584 852 735 884 MARGAN
769 857 799 883 et
828 862 934 883 coram
962 862 1011 882 me
1038 850 1201 892 abjuravit
1228 853 1331 882 totam
1354 853 1473 881 terram
1496 860 1558 891 que
1586 852 1634 880 est

153 923 238 955 inter
263 923 342 954 duas
363 922 507 954 Amms
533 946 539 953 .
562 933 659 963 quam
681 922 748 962 ipse
773 920 948 951 Omnocns
964 932 983 951 a
1006 919 1139 961 prefatis
1161 919 1326 951 monachis
1347 918 1601 960 calengizaverat
1627 943 1632 948 .

153 995 186 1023 et
203 992 327 1034 quitam
342 1017 348 1023 .
363 991 515 1023 clamavit
530 991 569 1022 de
587 1002 619 1023 se
635 993 666 1023 et
683 991 722 1022 de
738 989 887 1021 omnibus
903 990 977 1020 suis.
1026 988 1070 1019 Et
1083 999 1177 1030 super
1189 985 1248 1020 hoc
1264 988 1389 1030 plegios
1402 987 1527 1019 invenit
1543 997 1594 1018 me
1606 990 1637 1018 et

151 1060 297 1093 Memno
321 1060 451 1092 Bnocn.

197 1130 419 1162 Endorsed—‘
431 1129 528 1162 Carta
569 1129 785 1161 attestationis
826 1128 988 1170 Morgaui.
1046 1121 1186 1159 *Scilicet*
1224 1126 1309 1168 quod
1353 1125 1514 1158 Gradocus
1552 1124 1636 1156 filius

153 1199 175 1231 J
177 1199 313 1231 ohannis
328 1199 457 1241 quitum
474 1198 624 1230 clamavit
640 1201 741 1230 totam
760 1200 878 1230 terram
895 1198 979 1228 inter
995 1198 1075 1229 duas
1092 1197 1242 1234 Avenas;
1267 1195 1335 1226 sine
1352 1193 1505 1226 redditu.'

823 1392 973 1425 OOOCV.

156 1475 319 1508 GRANT
358 1475 416 1507 OF
453 1475 587 1508 LAND
627 1475 681 1507 IN
719 1475 855 1507 AVAN
895 1473 1063 1507 MARSH
1102 1472 1167 1506 BY
1204 1471 1420 1510 MOIMJAN,
1452 1471 1541 1504 SON
1579 1470 1638 1503 OF

521 1544 717 1584 ORADOO,
757 1544 814 1577 ΤΟ
854 1543 1063 1576 MARGAM
1103 1542 1275 1575 ABBEY.

702 1626 876 1670 [MARGAM
901 1625 1096 1668 CHARTER]

202 1708 361 1740 Omnibus
377 1707 493 1741 Sancte
509 1709 638 1741 ecclesie
656 1709 731 1740 filiis
747 1709 788 1740 ad
805 1720 883 1751 quos
900 1719 1029 1751 presens
1053 1707 1207 1749 scriptum
1222 1706 1404 1749 pervenerit
1422 1731 1427 1737 ,
1446 1705 1639 1737 MORGANUS

156 1778 242 1810 filius
259 1777 406 1809 CRADom
423 1777 569 1810 salutem.

202 1847 339 1879 Noverit
354 1847 545 1879 universitas
561 1849 665 1879 vestra
681 1847 768 1889 quod
784 1858 843 1890 ego
856 1847 1050 1879 MonGAxUs
1066 1858 1105 1877 ex
1122 1844 1284 1877 communi
1298 1854 1454 1875 consensu
1467 1847 1498 1874 et
1509 1853 1638 1875 assensu

157 1916 312 1948 heredum
328 1927 473 1948 meorum
488 1916 563 1948 dedi
579 1919 611 1948 et
627 1917 764 1949 concessi
781 1919 812 1948 et
836 1916 894 1948 hac
912 1916 1050 1958 presenti
1075 1918 1163 1946 carta
1186 1912 1372 1946 confirmavi
1396 1912 1525 1944 ecclesie
1545 1911 1638 1943 beate

156 1984 278 2017 MARm
295 1985 334 2017 de
350 1984 506 2017 MARGAN
522 1987 555 2017 et
569 1985 734 2018 monachis
750 1985 870 2017 ibidem
887 1985 957 2016 Deo
975 1982 1187 2016 servientibus
1202 1983 1282 2014 duas
1298 1992 1388 2014 acras
1402 1981 1485 2023 prati
1496 1984 1528 2012 et
1541 1991 1639 2012 unam

159 2054 313 2087 arabilem
336 2054 478 2097 jacentes
501 2055 536 2086 in
559 2054 693 2086 marisco
709 2055 748 2086 de
763 2054 889 2086 Avffl
908 2081 913 2085 .
935 2066 995 2095 que
1011 2053 1145 2085 fuerunt
1163 2051 1185 2084 J
1187 2062 1286 2083 OWAN
1304 2050 1428 2091 anr
1452 2060 1531 2081 VA1T
1557 2076 1561 2080 .
1588 2048 1638 2081 De

160 2135 223 2166 quo
248 2123 377 2155 vivente
403 2123 539 2166 predicti
564 2123 712 2155 monachi
740 2136 792 2155 eas
819 2126 995 2155 tenuerunt
1021 2149 1026 2154 .
1050 2122 1149 2154 libere
1174 2124 1206 2153 et
1231 2121 1339 2163 quiete
1363 2122 1394 2151 et
1418 2119 1451 2151 in
1475 2129 1551 2160 pace
1574 2144 1580 2149 .
1606 2118 1642 2149 in

160 2203 275 2234 puram
291 2195 323 2224 et
337 2193 526 2234 perpetuam
541 2192 748 2224 elemosinam
766 2218 771 2223 .
790 2191 871 2223 sicut
887 2191 954 2223 ulla
970 2191 1143 2223 elemosina
1158 2189 1291 2222 liberius
1309 2200 1346 2220 ae
1359 2187 1556 2220 commodius
1572 2186 1641 2219 dari

161 2263 266 2303 potest
282 2263 338 2293 aut
354 2260 466 2293 haberi
488 2261 734 2303 imperpetuum,
784 2260 838 2293 Ita
853 2261 939 2303 quod
956 2259 1103 2292 monachi
1120 2260 1264 2292 decetero
1282 2269 1339 2300 pro
1357 2256 1548 2300 supradictis
1563 2255 1644 2287 acris
