1998 2724
1565 157 1627 187 617

818 479 1056 512 DLXXXIX.

200 561 515 594 OERTIFIOATE
539 561 598 593 OF
627 561 726 593 THE
762 561 986 594 OHAPTER
1019 561 1078 594 OF
1112 560 1371 593 LLANDAFF
1407 560 1465 592 ΤΟ
1502 559 1677 592 HENRY

306 630 388 669 ΙΙΙ.,
425 630 484 663 OF
517 630 616 662 THE
656 629 894 662 ELECTION
927 630 986 662 OF
1022 629 1243 662 WILLIAM
1281 630 1345 662 DE
1386 629 1587 662 RADNOR
1619 628 1676 661 ΤΟ

309 699 408 732 THE
439 699 534 731 SEE.

560 780 735 823 [MARGAM
761 780 956 824 CHARTER]
1004 782 1045 813 :28
1062 781 1163 813 JULY.
1212 782 1253 813 40
1269 780 1401 813 HENRY
1418 780 1487 812 III.
1538 780 1632 812 1256.

246 862 525 895 Excellentissimo
541 862 672 894 domino
688 873 745 894 suo
762 861 924 894 Hmmco
940 862 1004 894 Dei
1020 863 1126 905 gratia
1141 862 1260 894 illustri
1272 862 1358 904 Regi
1368 862 1518 894 ANGmAE
1531 888 1536 893 .
1549 861 1681 893 domino

203 932 386 964 HIBERNIE
404 958 410 964 .
428 934 478 964 eto
495 958 500 963 .
520 931 708 974 Capitulum
731 931 860 963 ecclesie
883 931 1126 963 LANDAVENSIS
1143 932 1280 963 salutem
1304 932 1338 963 in
1359 932 1490 963 domino
1514 931 1679 974 sempiter-

204 1013 280 1033 nam
296 1027 302 1033 .
322 1004 354 1033 et
370 1001 528 1033 orationes
544 1001 578 1033 in
595 1000 744 1033 Offlusro
760 1012 833 1033 cum
849 1001 1028 1033 devotione⁴

246 1070 411 1102 Defuncto
426 1069 508 1102 bone
530 1070 684 1103 memorie
706 1069 874 1102 JOHANNE
900 1070 1063 1112 quondam
1090 1069 1312 1102 LANDAVENSI
1341 1070 1497 1112 episcopo,
1524 1069 1617 1102 nobis
1641 1070 1681 1102 de

204 1139 297 1172 solita
313 1138 483 1171 elementia
497 1142 603 1171 vestra
618 1150 675 1182 per
689 1139 800 1171 literas
815 1142 936 1171 vestras
952 1141 1098 1181 patentes
1110 1138 1247 1171 liberam
1259 1139 1356 1171 vestri
1369 1139 1476 1181 gratia
1486 1139 1682 1171 concessistis

203 1208 345 1251 eligendi
375 1207 573 1240 facultatem.
634 1208 705 1240 Nos
734 1211 843 1240 autem
870 1207 977 1241 Deum
1002 1208 1157 1240 habentes
1184 1220 1250 1250 pree
1275 1208 1375 1241 oeulis
1402 1208 1521 1240 salubri
1548 1209 1681 1241 concilio

201 1278 369 1310 literarum
385 1279 562 1310 vestrarum
578 1277 713 1309 firmiter
728 1280 765 1309 ut
781 1277 889 1310 decuit
905 1277 1088 1309 inherentes
1103 1277 1251 1309 invocata
1274 1276 1414 1320 Spiritus
1438 1276 1548 1309 Sancti
1575 1278 1681 1320 gratia

203 1348 242 1379 de
258 1346 406 1379 unanimi
421 1358 550 1378 assensu
566 1349 598 1378 et
613 1346 780 1379 voluntate
797 1347 942 1379 omnium
959 1347 1098 1378 fratrum
1115 1349 1295 1378 nostrorum
1312 1346 1505 1388 magistrum
1518 1346 1680 1379 WILLEL-

203 1427 282 1448 MUM
298 1416 338 1447 de
354 1415 523 1448 RADNORE
540 1415 776 1447 thesaurarium
792 1418 948 1454 nostrum,
966 1416 1072 1448 virum
1089 1415 1260 1448 discretum
1285 1418 1316 1447 et
1343 1416 1524 1455 honestum,
1550 1416 1680 1459 egregie

200 1486 376 1524 literatum,
392 1484 463 1517 Deo
479 1487 511 1516 et
526 1484 655 1516 ecclesie
678 1485 842 1524 devotum,
859 1485 946 1527 regie
970 1485 1134 1527 majestati
1158 1488 1261 1517 vestre
1285 1484 1452 1517 humiliter
1475 1485 1677 1524 inclinatum,

198 1557 231 1586 et
252 1554 299 1586 rei
321 1553 457 1596 publice,
481 1565 538 1596 per
560 1553 624 1586 Dei
648 1553 798 1596 gratiam,
823 1553 917 1586 valde
940 1553 1158 1596 profuturum,
1180 1554 1213 1586 in
1239 1554 1470 1596 temporalibus
1485 1557 1626 1593 cautum,
1643 1554 1677 1586 in

199 1626 324 1666 patrem
358 1622 514 1664 elegimus
546 1625 577 1654 et
612 1626 782 1664 pastorem,
814 1622 998 1655 celsitudini
1029 1626 1142 1661 vestre,
1175 1635 1272 1665 quam
1303 1626 1466 1655 conservet
1497 1627 1528 1655 et
1559 1625 1678 1665 augeat

199 1691 398 1730 Altissimus,
429 1690 596 1723 humiliter
626 1691 843 1734 supplicantes
873 1695 905 1724 et
936 1692 1049 1724 devote
1081 1692 1233 1734 quatinus
1264 1692 1348 1724 dicte
1385 1692 1533 1724 electioni
1570 1695 1677 1725 nostre

200 1760 327 1803 regium
342 1771 506 1792 assensum
529 1760 580 1802 pie
603 1760 734 1802 prebere
754 1760 944 1803 dignemini.
992 1761 1062 1793 Nec
1093 1761 1225 1793 moleste
1256 1761 1340 1794 ferre
1375 1762 1487 1801 velitis,
1512 1763 1537 1794 si
1561 1763 1674 1804 placet,

199 1831 286 1873 quod
301 1841 408 1872 preces
424 1832 542 1863 vestras
559 1830 600 1861 ad
615 1841 744 1871 presens
760 1830 912 1862 exaudire
928 1830 1142 1873 nequivimus.
1191 1829 1274 1863 Cum
1287 1831 1341 1863 ille
1352 1831 1409 1873 qui
1421 1843 1507 1863 nunc
1519 1831 1675 1863 instinctu

201 1898 341 1941 Spiritus
356 1897 466 1931 Sancti
482 1897 634 1930 duximus
650 1898 838 1941 eligendum
854 1911 872 1931 a
888 1899 1004 1940 puerili
1020 1901 1105 1931 etate
1129 1911 1186 1931 sua
1207 1899 1299 1931 uobis
1324 1900 1473 1942 cognitus
1497 1900 1616 1938 existit,
1642 1902 1674 1932 et

198 1968 282 2000 inter
297 1979 355 2000 nos
370 1966 577 1999 laudabiliter
592 1970 624 1998 et
640 1967 792 1999 continue
808 1971 1013 2000 conversatus
1029 1968 1129 2000 fuerit
1139 1968 1174 2000 in
1187 1968 1315 2001 ecclesie
1325 1971 1451 2001 nostra.
1467 1981 1537 2011 quae
1551 1980 1675 2011 semper

198 2036 326 2069 elericos
341 2037 381 2068 de
397 2036 520 2079 gremio
537 2047 593 2068 suo
610 2035 784 2078 cujuslibet
800 2037 928 2068 ecclesie
946 2037 1134 2078 (dummodo
1150 2038 1243 2080 digni
1260 2038 1438 2074 extiterint)
1456 2038 1491 2069 in
1509 2038 1671 2070 electioni-

196 2105 256 2137 bus
286 2104 483 2137 celebrandis
513 2104 636 2136 eeeteris
665 2105 785 2137 clericis
810 2105 905 2137 duxit
932 2105 1147 2148 preferendos.
1198 2105 1331 2149 Propter
1357 2107 1442 2148 quod
1470 2106 1672 2138 devotissime

196 2174 336 2217 petimus
351 2186 391 2206 ne
406 2174 548 2216 predicto
564 2174 650 2206 facto
674 2176 781 2206 nostro
805 2175 901 2217 quod,
927 2178 963 2206 ut
985 2186 1157 2217 speramus,
1178 2187 1196 2206 a
1222 2175 1293 2207 Deo
1320 2176 1480 2217 processit,
1506 2176 1539 2206 in
1555 2175 1673 2217 aliquo,

196 2244 284 2286 quod
308 2243 398 2276 Deus
425 2245 559 2283 avertat,
582 2243 703 2275 moveri
724 2245 780 2275 aut
802 2243 925 2275 turbari
951 2243 1066 2283 velitis,
1093 2245 1149 2276 sed
1176 2245 1292 2287 potius.
1322 2245 1347 2275 si
1374 2245 1487 2286 placet,
1516 2244 1673 2286 processui

352 2351 402 2376 40
