1998 2724
1538 151 1600 182 331

212 309 340 342 Scilicet
356 309 443 351 quod
458 309 572 341 domus
595 309 634 341 de
658 309 813 340 MARGAN
838 309 910 351 jure
934 311 1088 350 perpetuo
1102 310 1134 339 et
1151 308 1219 339 sine
1234 307 1461 339 reclamatione
1477 308 1591 340 domus
1606 309 1646 340 de

167 378 203 411 N
206 390 273 410 ΕΤΗ
295 377 395 410 libere
418 377 592 420 possidebit
616 378 696 410 duas
718 381 824 420 partes
848 380 976 419 pasture
999 377 1058 409 sibi
1080 377 1247 409 viciniores
1262 377 1295 408 in
1313 377 1476 409 montanis
1491 378 1530 409 de
1547 377 1645 410 feudo

171 447 339 479 latone-Am
364 447 450 479 inter
474 446 600 478 AvENE
628 450 660 478 et
683 446 797 479 Nmn.
845 446 891 478 Et
917 448 1031 478 domus
1052 447 1091 478 de
1114 446 1218 478 NETH
1241 446 1353 478 eadem
1367 446 1515 478 libertate
1532 450 1562 478 et
1579 447 1646 479 sine

168 516 394 548 reclamatione
410 515 524 547 domus
539 515 579 547 de
595 514 750 546 MARGAN
767 515 941 557 possidebit
959 515 1090 548 terciam
1114 518 1238 558 partem
1264 515 1410 558 ejusdem
1433 517 1562 558 pasture
1586 515 1647 563 sibi

164 584 364 617 viciniorem.
411 584 456 616 Et
480 584 645 616 sciendum
671 585 757 626 quod
782 584 840 616 hec
868 584 981 616 divisio
1009 585 1077 616 fieri
1102 583 1196 616 debet
1221 583 1340 626 ubique
1366 584 1400 616 in
1421 584 1584 616 montanis
1607 585 1647 617 de

168 654 266 686 feudo
288 654 455 686 MORGANI
479 654 513 685 in
537 654 673 695 longum
696 656 727 685 et
751 653 785 685 in
809 654 913 686 latum
937 653 955 685 a
978 653 1133 696 superiori
1157 653 1283 696 origine
1307 665 1425 696 magne
1442 653 1568 686 AVENE
1584 666 1646 697 que

166 726 298 755 vocatur
318 723 550 755 BLAiNAvENE
574 726 660 754 recta
683 722 768 754 linea
789 722 823 754 in
848 727 1065 754 transversum
1081 734 1180 765 usque
1197 722 1231 754 in
1248 734 1366 764 aquam
1382 723 1422 754 de
1438 723 1552 755 NETH.
1601 723 1647 756 Et

166 791 206 823 ab
230 792 341 824 eadem
366 791 490 834 origine
513 802 613 833 usque
637 792 678 823 ad
703 791 815 823 villam
835 792 875 823 de
900 791 1026 823 AVENE
1054 817 1059 822 .
1086 792 1185 824 salvis
1209 792 1459 834 proprietatibus
1480 793 1646 834 utriusque

166 861 288 893 domus.
346 860 474 893 Scilicet
512 860 623 892 domui
660 861 700 892 de
739 859 892 891 MARGAN
934 860 1145 893 RosHAULYN
1186 886 1192 892 .
1226 872 1297 893 cum
1328 861 1400 903 ejus
1430 862 1644 904 pertinenciis.

167 928 296 961 Scilicet
311 929 466 971 quicquid
482 929 665 960 continetur
680 928 766 961 inter
778 940 895 971 aquam
913 941 973 971 que
990 930 1108 961 dicitur
1124 929 1261 962 WRACH
1274 936 1305 962 et
1318 942 1436 972 aquam
1452 942 1513 972 que
1529 931 1648 963 dicitur

167 997 486 1030 CLEODOCUMCHACH
513 1023 518 1029 .
550 1002 583 1029 et
608 997 692 1030 inter
718 1009 835 1040 aquam
862 999 901 1029 de
926 998 1029 1030 NETH
1057 1003 1089 1030 et
1115 999 1201 1030 viam
1223 1010 1375 1042 magnam
1397 1011 1459 1041 que
1478 1000 1567 1031 vadit
1589 1012 1646 1042 per

165 1070 320 1099 montana
336 1068 376 1099 de
393 1066 677 1099 THORREBETHEL
693 1078 794 1108 usque
810 1067 844 1098 in
862 1067 1111 1099 mmm-men.
1158 1067 1262 1099 Salvis
1283 1068 1381 1099 etiam
1397 1068 1646 1110 proprietatibus

166 1135 334 1178 utriusque
351 1137 465 1168 domus
481 1147 561 1178 quas
583 1139 726 1178 tempore
750 1135 847 1177 hujus
871 1136 1097 1168 transaccionis
1121 1136 1304 1169 habuerunt
1329 1163 1334 1168 .
1361 1139 1429 1169 tam
1452 1137 1486 1169 in
1503 1138 1645 1170 mariscis

165 1216 263 1247 quam
297 1205 332 1236 in
368 1205 460 1237 melis
495 1205 530 1237 in
560 1204 620 1237 hac
651 1204 807 1236 divisione
834 1216 899 1236 non
925 1206 1158 1247 computandis.
1222 1206 1343 1238 Ceteris
1369 1206 1467 1238 etiam
1495 1206 1644 1239 omnibus

165 1274 293 1316 utrique
305 1274 417 1306 domui
429 1274 614 1305 inconcusse
624 1273 906 1315 permanentibus.
923 1274 1003 1306 sicut
1020 1274 1053 1306 in
1070 1275 1287 1306 transaecione
1300 1275 1332 1305 in
1347 1275 1487 1317 capitulo
1500 1276 1643 1318 generali

163 1343 253 1384 prius
268 1342 350 1374 inita
366 1367 374 1375 .
393 1343 576 1374 continetur
593 1368 599 1373 .
617 1346 750 1384 excepto
767 1354 803 1375 eo
820 1344 906 1384 quod
922 1343 1020 1375 abbas
1036 1344 1076 1375 de
1092 1343 1197 1375 Nam
1219 1369 1225 1375 .
1249 1355 1279 1375 x.
1304 1355 1426 1376 marcas
1449 1345 1577 1387 argenti
1602 1346 1641 1377 de

163 1411 228 1443 illis
244 1422 323 1443 xxx.
341 1423 421 1453 quas
436 1412 475 1443 de
492 1411 608 1443 abbate
624 1412 663 1442 de
681 1411 837 1443 MARGAN
855 1412 1029 1444 secundum
1055 1413 1191 1454 priorem
1217 1413 1478 1455 compositionem
1502 1414 1642 1456 recipere

165 1479 318 1512 debuerat
337 1505 342 1511 .
360 1480 492 1512 remisit.
541 1480 692 1512 Preterea
708 1481 748 1512 de
772 1483 903 1523 pastura
927 1481 1187 1513 CADWATHLANI
1211 1483 1295 1514 inter
1319 1494 1371 1514 eos
1395 1483 1441 1514 ita
1466 1483 1614 1515 convenit
1633 1509 1638 1515 .

164 1548 250 1589 quod
266 1548 323 1579 illa
338 1548 373 1580 in
389 1548 469 1580 duas
486 1548 675 1581 medietates
691 1549 794 1581 dividi
810 1549 905 1581 debet
923 1576 928 1581 .
948 1554 978 1582 et
995 1551 1111 1582 domus
1126 1551 1165 1582 de
1182 1551 1337 1583 MARGAN
1353 1552 1559 1584 medietatem
1579 1552 1639 1585 sibi

165 1617 391 1659 proximiorem
413 1618 449 1648 in
471 1617 609 1660 longum
632 1621 664 1650 et
687 1618 791 1650 latum
815 1622 969 1661 perpetuo
993 1620 1061 1651 sine
1084 1619 1310 1652 reclamatione
1334 1621 1448 1653 domus
1471 1622 1511 1653 de
1534 1622 1639 1654 Nem

162 1686 346 1728 possidebit.
393 1686 439 1719 Et
456 1687 569 1718 domus
585 1687 625 1719 de
641 1687 745 1719 NETH
762 1689 874 1720 eodem
890 1689 962 1731 jure
979 1689 1077 1720 aliam
1094 1690 1299 1721 medietatem
1318 1691 1454 1733 grangie
1471 1702 1583 1723 eorum
1600 1693 1639 1723 de

162 1754 351 1787 KILLEKAR
377 1755 562 1787 viciniorem
592 1755 734 1788 habebit.
781 1757 835 1788 Ita
858 1760 966 1789 tamen
993 1759 1078 1800 quod
1100 1762 1237 1800 utraque
1261 1760 1374 1791 domus
1396 1761 1436 1791 de
1458 1772 1521 1792 uno
1550 1761 1638 1803 pullo

161 1824 299 1856 duorum
315 1835 474 1856 annorum
490 1824 664 1856 MORGANO
680 1830 711 1857 et
727 1825 899 1858 heredibus
917 1827 981 1858 suis
997 1828 1167 1859 annuatim
1183 1839 1240 1870 pro
1256 1827 1315 1860 hac
1336 1832 1467 1871 pastura
1488 1830 1639 1862 solvendo

161 1893 375 1925 communiter
402 1893 585 1925 satisfaciet.
647 1894 787 1936 Insuper
811 1897 919 1926 autem
947 1895 1115 1938 utriusque
1141 1897 1241 1938 partis
1265 1908 1395 1929 assensu
1422 1898 1462 1930 ad
1486 1902 1639 1941 perpetue

161 1961 249 2004 pacis
276 1961 513 1993 observanciam
530 1963 693 2004 provisum
716 1965 764 1994 est
788 1988 795 1994 .
821 1964 904 2005 quod
942 1964 1056 1996 domus
1090 1965 1129 1996 de
1163 1965 1267 1997 NETH
1300 1966 1400 1998 nichil
1435 1967 1474 1999 de
1508 1974 1640 2010 pastura

161 2030 375 2062 GILLEBERTI
392 2031 431 2062 de
447 2029 695 2063 TURBERVILLA
709 2056 716 2063 .
733 2043 837 2074 neque
854 2033 893 2064 de
904 2036 988 2064 terra
1004 2033 1154 2065 MOREDU
1171 2059 1176 2066 .
1194 2046 1298 2077 neque
1315 2036 1354 2067 de
1377 2036 1485 2078 aliqua
1508 2040 1638 2078 pastura

161 2099 211 2131 vel
236 2099 432 2141 possessione
454 2110 551 2141 quam
578 2100 692 2132 domus
716 2101 756 2132 de
782 2101 938 2133 MARGAN
963 2105 1040 2134 tunc
1067 2104 1219 2145 temporis
1240 2103 1355 2136 habuit
1384 2131 1388 2135 .
1417 2105 1484 2137 sine
1511 2117 1640 2137 assensu

161 2167 286 2200 abbatis
302 2170 333 2199 et
349 2170 525 2200 conventus
540 2169 655 2201 domus
670 2170 709 2201 de
733 2169 767 2201 N
770 2180 838 2201 ΕΤΗ
862 2169 923 2202 sibi
943 2171 1162 2213 appropria-bit
1187 2173 1238 2203 vel
1262 2173 1437 2216 occupabit.
1485 2173 1641 2207 Similiter

159 2237 274 2268 domus
285 2237 326 2268 de
342 2236 497 2268 RAEARGAN
514 2237 614 2269 nichil
630 2239 670 2270 de
685 2241 817 2280 pastura
831 2239 882 2271 vel
899 2240 1094 2281 possessione
1111 2241 1219 2283 aliqua
1236 2253 1333 2283 quam
1349 2243 1463 2274 domus
1479 2244 1518 2275 de
1535 2243 1639 2276 Nam
