1998 2724
1567 145 1627 175 689

200 311 329 344 arabilis
360 322 432 343 cum
463 308 668 352 pertinenciis
700 334 706 340 .
740 319 801 350 que
838 307 922 350 jacet
956 317 995 338 ex
1027 304 1160 337 australi
1190 306 1281 347 parte
1312 304 1351 335 de
1383 302 1571 335 GOYELAKE
1603 327 1609 333 .
1642 306 1673 334 ct

201 380 347 413 extendit
368 391 399 411 se
421 379 456 411 in
479 378 615 420 longum
639 388 657 408 a
680 377 869 409 GOYELAKE
893 386 1001 408 versus
1025 376 1170 406 austrum
1194 383 1295 414 usque
1319 373 1361 404 ad
1381 374 1500 404 terram
1525 383 1585 413 que
1611 371 1673 403 fuit

203 449 391 483 WILLELMI
408 447 498 479 GOLE
513 446 634 479 habens
650 446 690 478 ab
706 445 828 478 oriente
843 448 962 477 terram
978 455 1039 486 que
1054 443 1119 475 fuit
1140 442 1279 475 Oscum
1303 441 1367 473 filie
1383 441 1592 473 ALEXANDRI
1611 467 1616 472 .
1635 440 1675 473 ab

203 518 365 551 occidente
381 528 454 549 vero
470 518 589 549 terram
605 527 667 557 que
688 514 753 546 fuit
770 514 958 548 WILLELMI
980 512 1039 545 filii
1057 511 1254 544 HERBERTI.
1301 510 1409 546 Quam
1425 510 1555 552 quidem
1570 521 1675 541 acram

204 587 267 619 emi
288 587 327 618 de
352 586 479 618 ΤΗΟΜΑ
501 585 567 617 filio
592 585 745 617 Ronmm
767 584 866 616 ΒΑΜ,
891 608 896 615 .
922 583 1098 614 tenendum
1123 583 1154 613 et
1172 580 1358 612 habendum
1376 579 1474 611 libere
1496 581 1526 610 et
1544 579 1650 620 quiete
1669 605 1674 609 .

204 656 331 698 pacifice
355 658 386 687 et
408 655 533 697 integre
559 680 565 686 .
591 654 672 686 sicut
692 653 760 685 ulla
785 652 958 684 elemosina
981 651 1112 683 liberius
1135 653 1166 682 et
1186 649 1302 682 melius
1324 649 1427 681 teneri
1443 650 1555 690 potest.
1603 647 1677 690 Ego

203 737 277 758 vero
293 729 324 757 et
340 724 472 757 heredes
485 724 549 756 mei
565 723 742 765 predictam
758 725 876 754 terram
892 722 973 753 sicut
989 721 1058 763 jam
1070 720 1193 752 dictum
1209 722 1256 751 est
1267 717 1499 761 prenominatis
1514 716 1678 749 monachis

205 796 315 827 contra
336 804 445 825 omnes
468 792 619 825 mortales
640 792 675 824 in
698 793 890 834 perpetuum
913 789 1201 822 warantizabimus.
1248 788 1294 820 Et
1316 790 1353 819 ut
1376 787 1433 819 hec
1454 798 1526 818 mea
1546 786 1679 818 donacio

204 865 236 896 et
265 862 421 895 concessio
448 862 541 894 firma
567 863 599 893 et
626 860 749 893 stabilis
776 862 955 902 perseveret
983 859 1183 901 inposterum
1211 883 1217 888 .
1244 857 1385 899 presenti
1414 856 1533 898 pagine
1566 882 1570 886 .
1605 855 1680 897 quia

206 932 351 975 sigillum
368 931 535 974 proprium
550 942 615 962 non
636 930 735 962 habui
753 955 759 961 .
779 929 923 972 sigillum
939 928 1066 960 ΤΗΟΜΕ
1088 927 1233 960 GRAMUS
1252 927 1394 968 apposui.
1443 925 1520 956 Hiis
1536 924 1679 956 testibus.

251 1001 455 1033 Entitled—‘
471 999 569 1032 Carta
584 999 729 1042 Philippi
745 999 804 1031 filii
821 998 955 1031 Roberti
970 997 1112 1029 Palmeri
1128 997 1167 1029 de
1182 1007 1248 1028 una
1263 1007 1336 1028 acra
1350 995 1455 1028 terre.'

835 1280 1066 1314 DCXXXVI.

216 1365 378 1398 GRANT
413 1365 471 1398 OF
509 1366 542 1398 A
573 1364 827 1398 MESSUAGE
865 1363 919 1396 IN
958 1361 1145 1395 KENFIG
1183 1361 1248 1394 BY
1286 1360 1464 1399 PHILIP,
1503 1360 1591 1392 SON
1631 1360 1688 1392 OF

322 1434 511 1467 ROBERT
556 1434 617 1467 LE
665 1433 878 1471 PAUMER,
916 1431 1018 1464 AND
1065 1430 1147 1462 HIS
1194 1430 1332 1469 WIFE,
1376 1429 1433 1462 TO
1480 1429 1689 1462 MARGAM

322 1503 493 1535 ABBEY.

755 1545 929 1588 [MARGAM
953 1543 1148 1586 CHARTER]

260 1615 369 1648 Sciant
394 1617 556 1658 presentes
583 1618 614 1647 et
640 1615 743 1647 futuri
768 1615 854 1656 quod
883 1625 943 1657 ego
969 1613 1161 1645 Pmmppns
1188 1613 1273 1644 filius
1300 1612 1453 1644 Romanu
1486 1613 1515 1644 le
1543 1612 1690 1644 Rarum<

217 1685 346 1717 consilio
370 1687 402 1716 et
423 1696 552 1717 assensu
570 1684 743 1717 AMAfflms
767 1684 874 1715 uxoris
895 1694 964 1715 mee
985 1686 1016 1714 et
1040 1682 1194 1714 heredum
1217 1693 1358 1714 meorum
1385 1694 1441 1724 pro
1466 1683 1568 1713 salute
1584 1682 1690 1714 anime

216 1765 285 1786 mee
301 1757 332 1785 et
349 1756 582 1786 antecessorum
599 1756 631 1786 et
648 1764 860 1786 successorum
878 1763 1022 1784 meorum
1038 1751 1112 1784 dedi
1128 1753 1159 1783 et
1177 1751 1312 1784 concessi
1330 1753 1360 1783 et
1373 1751 1432 1783 hac
1449 1751 1588 1792 presenti
1605 1754 1690 1783 carta

218 1823 402 1856 confirmavi
427 1823 468 1855 D.
498 1826 529 1855 et
557 1823 595 1855 B.
623 1823 670 1855 M.
698 1824 737 1855 de
765 1822 811 1854 M.
839 1825 870 1854 et
896 1834 938 1854 m.
966 1822 986 1853 i.
1016 1821 1057 1852 D.
1079 1832 1101 1852 s.
1125 1831 1228 1852 unum
1247 1820 1464 1863 messuagium
1492 1820 1525 1851 in
1549 1820 1626 1851 villa
1651 1820 1691 1851 de

218 1892 388 1924 Kampsa
422 1918 427 1923 .
461 1892 550 1924 Illud
581 1892 699 1924 scilicet
731 1892 817 1933 quod
847 1891 986 1932 pertinet
1017 1891 1059 1921 ad
1089 1889 1285 1932 burgagium
1316 1900 1433 1920 meum.
1496 1888 1540 1920 Et
1572 1891 1617 1919 est
1649 1888 1689 1919 ad

217 1961 386 1992 australem
409 1963 533 2003 partem
554 1961 702 1992 cimiterii
725 1985 732 1992 .
755 1960 876 1992 habens
888 1971 927 1990 ex
945 1962 1034 2001 parte
1051 1958 1199 1991 orientali
1219 1958 1435 2000 messuagium
1453 1957 1614 1989 Hmoms
1630 1957 1689 1989 filii

219 2030 240 2062 J
242 2041 392 2062 OHANNIS
409 2030 578 2062 sacerdotis
596 2056 601 2061 .
620 2041 659 2062 ex
674 2032 765 2072 parte
782 2032 891 2062 autem
908 2028 1097 2061 occidentali
1112 2028 1329 2070 messuagium
1346 2028 1431 2069 quod
1452 2027 1515 2058 fuit
1539 2027 1690 2058 Osnmzxx

216 2099 248 2130 le
264 2099 390 2130 Homn
408 2125 414 2130 .
431 2099 466 2131 in
479 2110 593 2141 puram
609 2101 641 2130 et
652 2100 840 2141 perpetuam
853 2098 1068 2130 elemosinam.
1117 2096 1305 2128 Tenenclam
1318 2099 1350 2127 et
1361 2095 1543 2128 habendum
1559 2097 1598 2127 (le
1614 2107 1665 2127 me
1685 2121 1690 2127 .

222 2171 254 2200 et
268 2168 439 2200 heredibus
454 2168 533 2200 meis
548 2168 582 2199 in
598 2170 791 2210 perpetuum
807 2167 889 2198 sicut
903 2167 971 2198 ulla
987 2166 1161 2198 elemosina
1172 2165 1304 2198 liberius
1319 2165 1421 2197 teneri
1437 2167 1550 2207 potest.
1598 2164 1643 2196 Et
1659 2164 1693 2196 in

219 2236 317 2279 hujus
349 2238 395 2268 rei
425 2237 645 2269 testimonium
675 2237 750 2268 huic
781 2236 897 2278 scripto
934 2236 1078 2278 sigillum
1114 2246 1223 2267 meum
1253 2233 1396 2277 apposui.
1453 2233 1530 2265 Hiis
1560 2232 1695 2265 testibus

376 2345 434 2369 4M
