1998 2724
374 166 437 196 372

324 324 364 355 de
389 322 604 355 CHIPsTAPLE
632 348 638 354 .
663 321 828 354 monachis
850 322 890 352 de
913 320 1092 352 MARGAN‘.
1112 319 1266 352 Rmanno
1290 319 1448 351 Hrnooxs
1464 322 1496 351 et
1512 318 1713 351 KETHEREH
1730 330 1804 351 oon-

324 392 423 425 versis
438 392 477 424 de
494 391 649 424 MARGAN
670 416 676 423 .
694 393 725 423 et
741 390 854 422 multis
870 389 951 421 aliis.

368 461 452 500 Seal,
476 461 585 493 brown
609 472 691 499 wax,
718 460 801 496 l‘ssin.
826 459 922 491 diam.
970 458 1100 497 Devioe,
1125 469 1143 490 a
1167 459 1232 490 star
1254 457 1288 490 of
1310 457 1401 500 eight
1424 469 1507 499 rays,
1524 458 1605 489 rude
1627 457 1720 489 fusils
1742 458 1807 490 and

322 533 427 563 staves
442 530 565 572 oapped
581 529 626 571 by
642 540 758 561 erosses
775 528 980 569 alternately.

366 598 641 642 Legend—‘4s'
660 625 666 630 .
685 609 808 630 nownL
827 624 832 629 .
852 609 894 629 AB
914 623 918 628 .
938 608 1062 628 WRONV
1082 623 1087 628 .
1106 597 1193 628 cons

365 669 588 701 Endorsed—‘
600 667 776 710 Abjuratio
787 666 917 698 Howeli
927 666 986 698 filii
1004 665 1132 698 Wronu
1149 665 1215 698 Coh
1233 666 1273 697 de
1289 668 1374 697 terra
1397 665 1483 697 infra
1505 676 1622 697 novam
1647 664 1803 697 Waldam

319 738 353 770 in
371 738 506 770 marisco
524 738 563 769 de
579 736 717 769 Avena.’

938 835 1186 868 OGOLXXVI.

315 920 628 954 ABJURATION
693 920 752 952 OF
815 917 1038 951 KNAITHO
1099 917 1159 949 ΑΡ
1217 916 1399 950 WRONU
1457 915 1558 949 AND
1618 915 1800 949 WRONU

427 983 650 1023 VAHHAN,
690 982 771 1015 His
810 980 1050 1020 BROTHER,
1084 980 1137 1013 IN
1176 980 1373 1013 FAVOUR
1411 979 1470 1012 OF
1508 979 1607 1011 THE
1646 978 1797 1012 OLAIM

426 1047 485 1080 OF
560 1045 771 1078 MARGAM
845 1044 1009 1077 ABBEY
1083 1043 1140 1076 ΤΟ
1213 1042 1667 1076 TALESOHANLHORE
1744 1041 1800 1074 IN

423 1108 815 1142 EGLISKEINWUR.

859 1151 1034 1194 [MARGAM
1057 1149 1255 1193 CHARTER]

355 1224 527 1257 Universis
553 1223 696 1255 Offlusm
725 1221 875 1254 fidelibus
903 1232 931 1262 p.
960 1223 991 1252 et
1019 1219 1046 1252 f.
1072 1231 1202 1262 presens
1227 1219 1381 1261 scriptum
1408 1218 1525 1250 visuris
1555 1218 1606 1250 vel
1636 1217 1796 1250 audituris

309 1292 475 1325 KNAiTffl)
493 1292 533 1324 ab
550 1291 688 1324 Wnoxr
709 1317 714 1322 .
734 1294 766 1322 et
782 1290 918 1323 me
935 1289 1094 1321 VAHHAN
1111 1288 1212 1320 frater
1229 1288 1299 1329 ejus
1316 1288 1452 1319 salutem
1468 1287 1502 1319 in
1519 1287 1672 1319 Domino.

356 1362 495 1395 Noverit
520 1361 712 1393 universitas
737 1363 842 1392 vestra
865 1370 923 1390 nos
946 1360 1121 1400 spontanea
1144 1357 1311 1389 voluntate
1335 1360 1444 1389 nostra
1458 1360 1491 1389 et
1510 1357 1641 1389 oonsilio
1657 1356 1795 1390 WRONU

309 1432 411 1475 patris
426 1431 527 1463 nostri
546 1434 578 1462 et
602 1430 739 1462 aliorum
763 1429 939 1461 amicorum
963 1430 1145 1459 nostrorum
1169 1426 1356 1458 concessisse
1380 1429 1412 1457 et
1439 1426 1567 1468 quitum
1591 1425 1742 1457 clamasse
1766 1428 1797 1457 et

310 1501 476 1542 abjurasse
493 1503 525 1532 et
540 1500 599 1531 hae
616 1498 757 1541 presenti
774 1500 861 1530 carta
873 1482 1075 1529 confirmasse
1088 1495 1158 1527 Deo
1179 1506 1204 1526 e.
1223 1494 1262 1527 Β.
1281 1494 1328 1526 Μ.
1342 1495 1381 1526 de
1398 1493 1551 1526 MARGAN
1566 1498 1597 1526 et
1614 1506 1656 1526 m.
1671 1494 1692 1526 i.
1710 1493 1752 1526 D.
1771 1505 1794 1526 s.

310 1573 418 1603 totum
440 1570 494 1612 jus
513 1575 545 1601 et
573 1571 678 1601 totum
706 1567 857 1599 clamium
883 1567 970 1608 quod
995 1564 1191 1598 habebamus
1217 1567 1371 1606 tanquam
1396 1563 1528 1595 heredes
1544 1563 1681 1596 WRONU
1698 1564 1800 1606 patris

310 1639 413 1672 nostri
431 1639 465 1670 in
487 1642 573 1670 terra
591 1637 649 1669 illa
670 1638 709 1668 de
734 1636 978 1668 EmilsKEINUR
999 1645 1061 1676 que
1084 1633 1266 1676 appellatur
1289 1631 1612 1664 TALESCHANLHORE
1632 1643 1694 1674 que
1711 1632 1796 1675 jacet
1809 1646 1818 1656 ·

310 1710 396 1742 inter
411 1708 552 1740 rivulum
569 1708 624 1749 qui
641 1706 823 1749 appellatur
839 1704 1023 1737 NAN'rmHl
1042 1706 1074 1735 et
1090 1713 1207 1744 aquam
1224 1703 1263 1734 de
1280 1701 1466 1734 Ucffimnne
1483 1727 1490 1733 .
1508 1702 1626 1734 seilicet
1640 1701 1793 1743 quioquid

309 1790 453 1821 unquam
470 1782 682 1810 antecessores
698 1776 798 1807 nostri
815 1775 991 1806 habuerent
1009 1774 1094 1805 inter
1111 1772 1243 1804 GARWE
1260 1775 1293 1804 et
1316 1771 1502 1803 Ummon’
1529 1771 1563 1803 in
1587 1771 1680 1803 bosco
1703 1775 1735 1803 et
1758 1772 1793 1803 in

312 1849 409 1890 plano
433 1873 439 1878 .
461 1850 497 1878 ut
524 1846 664 1878 habeant
691 1848 721 1876 ot
749 1846 881 1876 teneant
908 1843 986 1875 dieti
1016 1842 1164 1874 monaehi
1196 1842 1316 1873 dictam
1347 1844 1467 1873 terram
1498 1840 1596 1873 libere
1623 1840 1730 1882 quiete
1761 1844 1792 1872 et

312 1917 442 1960 pacifice
468 1942 473 1947 .
499 1927 557 1958 pro
581 1914 672 1946 nobis
695 1918 727 1946 et
751 1913 899 1945 omnibus
915 1911 1086 1945 heredibus
1102 1910 1221 1943 nostris
1236 1910 1317 1942 siout
1342 1910 1409 1941 ulla
1432 1909 1605 1942 elemosina
1620 1910 1670 1941 vel
1687 1909 1791 1941 ullum

311 1988 534 2018 tenementum
558 1983 690 2016 liberius
712 1986 744 2015 ot
769 1982 909 2024 quietius
933 1981 1043 2013 haberi
1068 1983 1172 2022 potest
1201 1979 1250 2011 vel
1275 1979 1387 2011 teneri.
1437 1979 1479 2011 Et
1512 1979 1677 2011 seienoelum
1704 1978 1790 2019 quod

313 2055 515 2087 affidavimus
546 2057 577 2085 et
610 2063 704 2094 super
735 2053 933 2083 sacrosancta
964 2049 1092 2082 ecclesie
1123 2049 1163 2080 de
1194 2047 1347 2080 Mane-AN
1380 2047 1561 2089 juravimus
1588 2047 1674 2089 quod
1697 2046 1793 2078 istam

311 2124 543 2156 concessionem
568 2125 599 2154 et
623 2121 749 2163 quitum
773 2120 997 2151 clamationem
1022 2118 1160 2150 fideliter
1183 2122 1215 2149 et
1238 2117 1305 2148 sine
1329 2117 1402 2148 dolo
1422 2116 1619 2148 servabimus
1635 2119 1667 2147 et
1682 2119 1793 2148 eontra

311 2203 422 2225 omnes
439 2191 583 2223 homines
599 2190 694 2222 dictis
711 2188 875 2221 monachis
899 2187 1178 2220 warantizabimus
1197 2186 1229 2217 in
1252 2188 1452 2228 perpetuum.
1501 2185 1545 2217 Et
1569 2185 1646 2227 qnia
1666 2185 1793 2227 propria

310 2262 418 2304 sigilla
443 2272 507 2292 non
533 2259 705 2291 habuimus
731 2285 735 2290 .
763 2258 907 2300 sigillum
932 2256 1067 2290 lVRoxi‘
1091 2256 1191 2298 patris
1214 2255 1315 2287 nostri
1346 2260 1378 2286 et
1409 2254 1553 2297 sigillum
1577 2253 1724 2286 Minium<
1753 2253 1793 2286 ab
