1998 2724
1509 166 1570 197 571

140 339 238 370 quam
265 326 325 359 sibi
350 328 382 358 et
406 324 577 357 heredibus
604 325 669 356 suis
698 325 834 356 retinuit
861 324 946 356 dicto
972 324 1082 356 abbati
1106 326 1139 356 et
1163 324 1335 356 conventui
1359 324 1399 355 de
1427 323 1458 355 N
1463 334 1530 355 ETH
1558 335 1616 365 pro

140 397 310 439 sexaginta
325 398 395 428 octo
411 394 491 426 acris
506 397 589 426 terre
605 393 735 425 arabilis
750 396 783 426 et
794 394 921 436 virgata
937 396 1020 426 terre
1035 397 1068 425 et
1083 393 1219 425 dimidia
1235 393 1362 435 virgata
1376 395 1459 425 terre
1471 393 1505 424 in
1520 392 1618 424 feudo

139 467 178 498 de
202 465 464 498 HORNBLAUTON
490 475 563 495 cum
587 463 687 505 pratis
710 466 742 495 et
763 463 889 505 pascuis
904 463 1129 505 adjacentibus
1144 466 1176 495 et
1191 462 1341 495 omnibus
1356 462 1560 494 libertatibus
1575 462 1617 494 ad

141 547 193 567 eas
222 533 470 577 pertinentibus.
519 533 573 564 lta
603 533 689 574 quod
721 533 825 564 dictus
855 532 953 564 abbas
980 535 1013 564 et
1043 535 1219 565 conventus
1245 533 1285 564 de
1312 531 1416 564 NEm
1449 531 1619 563 annuatim

138 604 320 646 persolvent
350 602 436 634 dicto
460 601 656 634 WILLELMO
680 602 720 632 de
743 601 856 633 Bima
879 605 910 633 et
932 601 1103 634 heredibus
1124 602 1188 633 suis
1211 612 1311 632 unam
1331 612 1472 632 marcam
1493 600 1621 643 argenti

141 673 229 715 apud
241 671 413 715 grangiam
425 670 488 702 del’
502 670 617 702 HEssE
631 670 800 702 dimidiam
812 670 932 702 scilicet
944 681 1084 702 marcam
1099 671 1141 702 ad
1156 670 1186 702 le
1203 670 1388 702 Hocrfflniu
1405 672 1438 702 et
1452 669 1622 701 dimidiam

142 752 283 773 marcam
299 741 340 772 ad
356 741 473 772 festum
489 739 601 771 Sancti
626 739 823 771 MICHAELIS
839 751 896 782 pro
912 741 1000 771 omni
1013 740 1144 771 servicio
1161 739 1392 771 consuetudine
1408 741 1440 770 et
1464 739 1624 770 demanda

142 810 184 842 ad
200 810 306 852 ipsum
318 808 369 841 vel
379 809 421 840 ad
437 808 568 841 heredes
581 819 653 840 suos
668 808 794 840 racione
810 808 946 850 predicti
962 808 1052 840 feudi
1069 809 1109 840 de
1119 808 1231 841 VILLA
1243 807 1415 840 WALTEm
1431 807 1623 849 pertinente.

140 879 185 910 Et
216 878 347 910 domino
377 878 417 910 de
448 877 676 909 PORTHEmON
708 877 827 909 facient
857 878 1025 909 servicium
1055 877 1145 909 feudi
1176 877 1273 909 unius
1303 877 1417 909 militis
1455 876 1626 908 annuatim

142 949 380 990 inperpetuum,
406 950 538 989 excepto
572 947 658 989 quod
683 958 874 979 successores
899 947 977 979 dicti
993 946 1182 979 W1LLELM1
1211 947 1250 979 de
1274 946 1425 989 homagio
1451 948 1483 978 et
1508 946 1626 978 relevio

143 1018 286 1061 predicto
314 1017 444 1049 domino
471 1017 510 1049 de
541 1016 768 1048 Pon‘rflnlNON
797 1016 1045 1058 respondebunt.
1102 1016 1218 1048 Dictus
1245 1027 1319 1047 vero
1353 1015 1570 1049 Wumsmms
1597 1017 1629 1047 et

143 1087 276 1119 heredes
303 1086 374 1129 ejus
389 1086 440 1118 vel
465 1086 621 1128 assignati
649 1085 720 1127 ejus
744 1085 890 1117 redditus
913 1097 991 1127 quos
1019 1086 1180 1127 predictus
1205 1085 1303 1117 abbas
1328 1088 1360 1116 et
1387 1086 1563 1116 conventus
1589 1084 1628 1116 de

146 1156 250 1189 NETH
274 1156 445 1188 annuatim
470 1156 602 1188 reddere
618 1155 764 1188 solebant
780 1167 837 1197 pro
861 1156 955 1187 dictis
971 1156 1063 1187 terris
1079 1156 1119 1187 de
1142 1155 1429 1187 HORNBLAUTONE
1455 1154 1629 1186 annuatim

146 1226 281 1264 solvent,
305 1225 423 1257 scilicet
452 1224 647 1258 WILLELMO
679 1225 718 1256 de
749 1224 853 1256 KENE
885 1236 940 1257 sex
971 1225 1088 1256 solidos
1118 1236 1175 1267 pro
1209 1224 1334 1267 virgata
1364 1227 1447 1256 terre
1478 1223 1530 1255 del
1562 1223 1628 1263 Ox,

146 1298 179 1326 et
195 1294 216 1326 J
219 1305 352 1326 OHANNI
370 1294 408 1326 de
425 1293 539 1325 STANE
556 1294 636 1325 duos
651 1294 769 1325 solidos
784 1305 842 1336 pro
858 1293 994 1325 dimidia
1009 1294 1137 1336 virgata
1160 1296 1243 1325 terre
1266 1304 1328 1335 que
1352 1293 1414 1324 fuit
1438 1292 1546 1324 PETRI
1573 1292 1633 1324 filii

147 1363 328 1402 sacerdotis,
352 1366 385 1395 et
413 1363 569 1394 RICARDO
596 1362 735 1394 Pomm
764 1363 828 1394 duo
857 1363 946 1404 paria
973 1362 1228 1394 chirothecarum
1255 1362 1343 1393 selvo
1370 1361 1473 1404 regali
1500 1360 1632 1393 servicio

147 1435 305 1475 quantum
330 1432 470 1474 pertinet
485 1432 525 1463 ad
551 1435 681 1464 tantum
706 1436 799 1464 terre.
847 1432 985 1474 Insuper
1009 1432 1095 1463 idem
1113 1431 1330 1465 WILLELMUS
1346 1436 1378 1463 et-
1402 1431 1535 1462 heredes
1560 1430 1632 1473 ejus

149 1502 201 1533 vel
212 1501 370 1543 assignati
381 1501 469 1532 illius
481 1500 647 1533 habebunt
658 1504 723 1533 tres
735 1501 852 1533 solidos
864 1500 1050 1544 red[d]itus
1062 1501 1140 1532 ΑΒΕ
1153 1501 1192 1532 (16
1205 1500 1379 1532 ΚΑΤιεο-[Ε
1396 1504 1428 1532 et
1444 1500 1634 1542 homagium

148 1574 180 1602 et
205 1570 374 1602 servicium
399 1571 441 1602 ad
468 1572 587 1602 terram
604 1570 704 1612 ipsius
719 1571 892 1612 pertinens.
940 1570 985 1602 Et
1011 1570 1131 1602 facient
1147 1572 1248 1601 sectas
1267 1569 1526 1602 Hundredorum
1552 1580 1633 1611 quas

147 1639 309 1681 predictus
340 1638 438 1671 abbas
468 1642 500 1671 et
531 1642 707 1671 conventus
737 1639 842 1671 facere
873 1638 1052 1671 debuerint.
1114 1639 1160 1671 Et
1190 1639 1230 1671 de
1264 1639 1391 1681 placitis
1424 1642 1457 1670 et
1494 1638 1633 1680 querelis

145 1707 385 1750 emergentibus
408 1709 657 1750 respondebunt.
705 1708 741 1740 Si
765 1720 840 1740 vero
864 1708 1049 1750 calumpnia
1073 1708 1333 1740 exheredacionis
1359 1719 1454 1749 super
1477 1707 1629 1749 predictis

145 1777 239 1809 terris
254 1777 294 1808 de
311 1776 597 1809 HORNBLAUETON
615 1780 647 1809 et
662 1778 702 1809 de
718 1777 831 1810 VILLA
848 1777 1019 1810 WALTERI
1039 1778 1147 1819 aliquo
1163 1780 1306 1819 tempore
1323 1780 1411 1809 mota
1427 1777 1526 1809 fuerit
1543 1777 1629 1808 unde

143 1846 223 1878 dicti
258 1845 472 1879 WILLELMUS
507 1850 539 1878 et
566 1846 698 1879 heredes
722 1847 794 1889 ejus
821 1847 887 1879 sive
914 1847 1070 1889 assignati
1097 1846 1169 1888 ejus
1196 1847 1260 1878 sive
1286 1846 1448 1889 predictus
1472 1846 1571 1878 abbas
1595 1848 1627 1877 et

142 1918 319 1947 conventus
343 1915 383 1947 de
407 1914 512 1947 NETH
538 1915 699 1957 jacturam
726 1921 810 1948 terre
840 1916 1007 1948 incurrant
1037 1920 1105 1948 tam
1143 1916 1248 1947 dictus
1284 1915 1501 1948 WILLELMUS
1528 1926 1626 1957 quam

143 1984 249 2023 dictus
271 1983 369 2016 abbas
384 1986 417 2016 et
441 1988 617 2017 conventus
633 1985 672 2016 de
698 1984 802 2016 NETH
819 1988 920 2017 terras
945 1985 1104 2027 predictas
1121 1996 1193 2016 cum
1218 1984 1424 2026 pertinenciis
1440 1984 1505 2016 suis
1520 1984 1626 2026 inper-

144 2056 280 2095 petuum
310 2052 371 2084 sibi
401 2053 538 2085 invicem
569 2054 777 2086 warantizare
808 2053 926 2086 debent
962 2057 1073 2086 contra
1103 2065 1214 2085 omnes
1244 2053 1390 2085 homines
1419 2056 1452 2085 et
1489 2053 1628 2085 feminas

140 2122 318 2154 secundum
342 2122 608 2154 consuetudinem
632 2123 736 2165 regni.
783 2123 830 2155 Et
855 2125 893 2155 ut
919 2122 977 2155 hec
999 2123 1171 2155 convencio
1195 2123 1422 2164 inperpetuum
1446 2121 1570 2154 stabilis
1595 2126 1628 2153 et

141 2191 328 2222 inconcussa
353 2193 540 2232 permaneat
564 2192 699 2223 eandem
722 2192 827 2224 dictus
848 2191 946 2224 abbas
967 2193 1007 2224 de
1030 2191 1136 2224 NEm
1160 2195 1192 2223 et-
1216 2191 1321 2223 dictus
1346 2191 1562 2224 WILLELMUS
1587 2190 1627 2222 de

142 2259 257 2292 BARRI
282 2259 440 2301 presentis
464 2260 575 2302 scripti
599 2260 680 2292 serie
701 2262 733 2292 et
758 2261 940 2304 sigillorum
962 2273 1093 2294 suorum
1114 2261 1322 2304 impressione
1343 2260 1623 2292 confirmaverunt.
