1998 2724
387 164 449 194 690

341 319 518 353 WALTERO
548 318 672 351 Lunm,
704 343 710 349 .
745 318 898 350 Rmfflno
930 316 1042 349 clerico
1075 343 1080 348 .
1114 316 1310 349 WILLELMO
1346 315 1579 348 FRANKELmN
1612 342 1618 347 .
1651 315 1674 348 J
1675 327 1818 348 OHANNE

340 388 492 422 WirAnn
510 413 516 419 .
534 387 716 420 Nxcnomo
732 387 798 419 filio
813 398 884 418 meo
902 412 908 417 .
926 385 1054 417 THOMA
1071 385 1216 418 GRAMUS
1234 411 1239 417 .
1258 388 1290 417 et
1305 385 1416 417 multis
1431 385 1510 417 aliis.
1784 369 1787 372 Ι

385 458 469 497 Seal,
486 458 566 490 dax-k
581 468 679 500 green
696 468 777 496 wax,
799 456 932 499 pointed
948 455 1030 494 oval,
1055 455 1141 497 lgm.
1159 454 1203 497 by
1228 455 1291 487 lin.
1339 454 1469 493 Devioe,
1486 466 1505 487 a
1520 455 1599 487 rude
1615 455 1816 488 fleur-de-lis.

384 527 575 571 Legend-‘
591 532 623 563 -Ι-
644 526 670 558 s'
689 552 694 558 .
713 536 869 558 PHILIPPI
888 551 894 557 .
912 536 954 557 LE
972 551 978 556 .
996 524 1125 556 PAx·M'.’

384 597 607 630 Endorsed—-‘
619 595 716 628 Carta
741 595 885 637 Philippi
913 594 971 626 filii
1003 593 1137 626 Roberti
1165 593 1194 625 le
1226 593 1366 625 Paumer
1395 594 1435 625 de
1463 619 1469 625 .
1499 605 1564 626 uno
1589 594 1753 636 mesuagio
1784 595 1818 627 in

340 666 514 709 Kenefeg.’

954 827 1208 860 DOXXXVII.

339 913 502 946 GRANT
526 912 592 945 BY
615 911 794 951 PHILIP,
814 911 903 944 SON
927 910 986 942 OF
1010 909 1200 942 ROBERT
1224 909 1431 949 PALMER,
1449 910 1518 942 AN
1521 910 1551 942 D
1571 910 1818 944 AMABILIA

490 982 571 1014 HIS
602 981 741 1019 WIFE,
774 980 833 1013 OF
863 979 997 1013 LAND
1029 979 1084 1011 IN
1121 978 1320 1012 KENFEG
1350 978 1407 1010 ΤΟ
1439 978 1659 1011 MARGAM.

885 1062 1060 1105 [MARGAM
1085 1061 1277 1103 CHARTER]

381 1147 551 1179 Universis
579 1146 720 1178 CnfflsTl
754 1144 901 1177 fidelibus
928 1144 1129 1186 presentibus
1156 1147 1187 1176 et
1218 1144 1337 1176 futuris
1367 1144 1426 1176 hoc
1456 1145 1610 1187 scriptum
1637 1157 1665 1177 v.
1692 1149 1725 1178 et
1750 1158 1778 1178 a.
1809 1172 1815 1178 .

336 1217 527 1250 Pfflmrus
549 1216 634 1248 filius
658 1215 811 1247 Ronnmu
837 1214 997 1246 PALMERi
1020 1216 1051 1245 et
1070 1212 1250 1246 Amnum
1272 1196 1353 1245 uxor
1374 1213 1445 1256 ejus
1461 1216 1606 1246 eternam
1622 1214 1657 1246 in
1674 1214 1815 1248 Domino

337 1287 482 1318 salutem.

380 1356 517 1388 Noverit
540 1355 731 1387 universitas
759 1357 863 1386 vestra
890 1364 947 1385 nos
973 1364 1030 1395 pro
1058 1352 1160 1384 salute
1186 1352 1367 1384 animarum
1398 1356 1581 1385 nostrarum
1605 1356 1638 1386 et
1669 1354 1815 1386 omnium

336 1429 570 1458 antecessorum
592 1427 624 1456 et
643 1435 857 1456 successorum
877 1425 1061 1455 nostrorum
1085 1422 1208 1454 dedisse
1231 1424 1262 1454 et
1288 1422 1475 1454 concessisse
1496 1425 1528 1455 et
1547 1422 1578 1454 h.
1599 1435 1630 1465 p.
1654 1435 1678 1455 c.
1701 1434 1771 1456 mea
1788 1436 1812 1456 c.

336 1496 377 1528 D.
396 1498 428 1528 ct
440 1507 465 1527 e.
492 1495 531 1527 B.
550 1493 597 1526 M.
621 1494 660 1526 de
684 1493 730 1525 M.
753 1496 785 1524 et
803 1491 968 1524 monachis
991 1492 1012 1523 i.
1037 1492 1079 1523 D.
1104 1502 1126 1523 s.
1152 1491 1186 1522 in
1209 1502 1324 1533 puram
1347 1494 1378 1523 et
1399 1494 1588 1533 perpetuam
1608 1492 1817 1525 elemosinam

336 1568 400 1597 tres
437 1575 525 1596 acras
555 1566 638 1595 terre
676 1561 806 1594 arabilis
836 1565 868 1593 et
906 1560 1075 1592 dimidiam
1114 1560 1148 1592 in
1186 1559 1329 1592 manerio
1368 1560 1407 1592 de
1444 1559 1523 1592 ΚΞΝ
1531 1571 1628 1592 EFEG.
1690 1560 1817 1593 Scilicet

336 1636 438 1667 totam
468 1635 587 1665 terram
617 1631 708 1664 illam
738 1641 836 1674 quam
867 1629 1007 1662 Oscum
1039 1629 1107 1662 filia
1136 1629 1345 1661 ALEXANDRI
1377 1629 1467 1662 dedit
1494 1629 1586 1662 nobis
1616 1630 1651 1662 in
1677 1630 1816 1663 liberum

335 1703 554 1745 maritagium.
610 1701 656 1734 Et
685 1701 772 1744 jacet
802 1700 842 1732 ab
874 1699 1023 1732 orientali
1053 1701 1143 1741 parte
1168 1698 1244 1730 ville
1275 1698 1314 1730 de
1338 1697 1511 1730 KENEFEG
1538 1699 1573 1731 in
1604 1699 1730 1731 cultura
1754 1711 1816 1742 que

335 1772 518 1816 appellatur
542 1771 725 1803 PoRTLom)
754 1796 760 1801 .
789 1769 885 1812 juxta
912 1780 1032 1801 novum
1058 1768 1215 1800 fossatum
1245 1767 1368 1800 habens
1398 1780 1437 1800 ex
1465 1768 1553 1801 omni
1580 1771 1672 1811 parte
1698 1771 1817 1801 terram

336 1842 554 1886 predictorum
583 1839 823 1872 monachorum.
897 1837 1089 1870 Tenendum
1128 1839 1160 1869 et
1197 1836 1383 1869 habendum
1419 1837 1501 1869 sicut
1539 1837 1606 1869 ulla
1643 1838 1817 1870 elemosina

336 1911 467 1944 liberius
489 1912 521 1942 et
545 1909 660 1942 melius
686 1908 789 1941 teneri
813 1910 846 1940 et
871 1907 983 1940 haberi
1008 1909 1111 1949 potest
1137 1906 1376 1948 imperpetuum
1405 1932 1410 1937 .
1439 1905 1508 1938 Nos
1532 1918 1606 1939 vero
1633 1909 1666 1939 et
1686 1907 1818 1940 heredes

337 1980 439 2013 nostri
454 1979 631 2023 predictam
647 1981 766 2011 terram
787 1977 939 2021 predictis
960 1975 1125 2008 monachis
1143 1977 1254 2008 contra
1277 1986 1387 2007 omnes
1407 1976 1558 2008 mortales
1579 1976 1817 2019 imperpetuum

337 2049 626 2082 warantizabimus.
683 2048 727 2079 Et
750 2050 785 2079 ut
808 2047 866 2079 hec
892 2073 898 2078 .
922 2048 1030 2078 nostra
1049 2045 1183 2077 donacio
1203 2044 1360 2076 concessio
1383 2046 1415 2077 ct
1434 2045 1635 2077 confirmacio
1656 2070 1663 2077 .
1688 2045 1781 2077 firma
1807 2071 1814 2077 .

338 2120 461 2152 stabilis
488 2145 494 2150 .
521 2121 554 2150 ct
580 2118 765 2150 inconcussa
789 2117 968 2159 perseveret
991 2115 1026 2146 in
1047 2116 1210 2157 posterum
1236 2139 1242 2145 .
1265 2113 1405 2156 presenti
1432 2114 1549 2156 scripto
1574 2114 1651 2156 qnia
1671 2114 1816 2156 sigillum

337 2189 503 2232 proprium
530 2199 595 2220 non
622 2186 794 2218 habuimus
820 2212 826 2218 .
855 2185 897 2217 ad
927 2183 1121 2227 peticionem
1145 2185 1287 2215 nostram
1319 2182 1436 2214 DAvm
1468 2183 1641 2216 WAsMEm
1672 2183 1817 2225 sigillum

337 2271 432 2292 suum
448 2258 605 2301 apposnit.
654 2257 733 2289 Hiis
752 2255 888 2289 testibus
906 2282 911 2288 .
932 2255 1126 2289 annmio
1150 2256 1262 2288 clerico
1281 2256 1347 2288 filio
1368 2255 1577 2287 ALEXANDRI
1597 2280 1604 2286 .
1622 2253 1817 2286 WILLELMO
