1998 2724
1554 187 1618 218 607

181 346 352 389 propositis
381 345 543 386 utrimque
574 344 799 387 proponendis,
821 343 957 376 testibus
978 343 1124 376 admissis
1148 346 1180 375 et
1199 343 1461 376 attestacionibus
1482 344 1662 386 puplicatis,

182 415 277 448 cartis
302 417 334 447 et
360 414 485 456 scriptis
511 414 596 445 inter
627 416 733 455 partes
756 413 919 453 confectis,
950 413 1050 451 lectis,
1082 415 1114 445 et
1145 424 1220 445 sane
1243 412 1424 452 intellectis,
1449 413 1663 446 assidentibus

183 484 350 517 nobiscum
380 482 618 515 venerabilibus
648 481 793 525 patribus
816 483 855 514 de
886 482 986 514 DORA
1014 483 1054 514 de
1078 481 1261 514 'smmum
1287 481 1457 514 abbatibus
1481 493 1605 514 necnon
1632 485 1663 515 et

185 554 256 586 aliis
279 552 423 585 discretis
450 551 551 584 nostri
579 551 700 583 ordinis
726 551 868 593 personis
895 552 1014 583 dictam
1040 551 1288 583 controversiam
1315 551 1504 583 aucton'tate
1529 552 1663 593 capituli

183 622 343 665 generalis
358 633 422 664 qua
437 620 658 664 fungebamur
673 620 709 652 in
725 620 784 652 hac
800 623 891 662 parte
904 632 960 662 per
972 620 1167 652 sententiam
1176 620 1382 652 diffinitivam
1393 631 1465 652 cum
1477 621 1665 653 nullatenus

182 691 258 724 licet
272 702 330 733 per
345 702 403 723 nos
418 690 595 733 plurimum
612 693 693 722 esset
708 689 907 722 elaboratum
925 689 1126 721 amicabilem
1142 691 1247 731 posset
1262 689 1360 721 finem
1376 689 1482 721 sortiri
1495 689 1555 721 hoc
1567 691 1662 722 modo

182 760 436 793 terminavimus.
484 759 595 791 Primo
626 759 746 791 scilicet
777 759 1046 802 irrefragabiliter
1077 759 1258 791 censuimus
1284 759 1547 801 compositionem
1580 759 1666 791 inter

183 830 285 861 dictas
310 830 421 861 domos
444 839 529 861 anno
553 828 677 860 domini
702 833 747 860 M⁰¹
767 834 822 859 00⁰-
841 833 905 860 11J0·
924 829 964 860 de
989 828 1075 860 dicta
1101 830 1233 870 pastura
1260 830 1291 860 et
1318 827 1568 870 possessionibus
1595 828 1667 860 aliis

184 899 303 931 factam
334 898 498 941 perpetuis
527 898 596 930 fore
623 897 822 940 temporibus
849 897 1078 929 inviolabiliter
1108 897 1349 929 observandam.
1406 897 1554 929 Secundo
1581 898 1667 940 quod

184 967 282 999 abbas
298 970 330 999 et
354 969 530 999 conventus
546 967 585 998 de
602 966 758 998 MARGAN
775 966 861 998 dicta
880 968 1010 1008 pastura
1026 966 1065 997 de
1088 966 1399 997 HYRWENWORGAN
1418 966 1567 998 omnibus
1590 967 1668 998 anni

184 1036 382 1078 temporibus
405 1037 456 1068 die
479 1035 676 1078 no[c]tuque
699 1035 819 1077 ubique
842 1035 941 1067 libere
965 1039 996 1066 et
1012 1035 1141 1077 pacifice
1163 1047 1235 1067 cum
1249 1035 1336 1066 omni
1347 1046 1463 1077 genere
1477 1035 1665 1067 animalium

184 1107 328 1137 utantur.
375 1105 420 1137 Et
434 1108 469 1137 ut
485 1105 552 1137 litis
568 1105 602 1136 in
618 1106 781 1147 posterum
798 1104 932 1136 tollatur
947 1105 1077 1138 occasio.
1091 1105 1175 1136 dicte
1192 1115 1359 1136 commune
1373 1104 1526 1136 terminos
1543 1116 1599 1146 per
1611 1104 1668 1136 has

185 1174 303 1206 divisas
326 1174 412 1206 faeta
438 1174 526 1216 prius
549 1174 624 1205 inde
648 1173 799 1216 diligenti
823 1173 1033 1215 inquisicione
1057 1185 1113 1215 per
1136 1173 1220 1205 viros
1243 1173 1409 1216 religiosos
1433 1177 1464 1205 et
1488 1173 1668 1216 fidedignos

187 1243 339 1275 duximus
362 1242 440 1286 h[oc·
463 1244 558 1275 modo
581 1242 762 1285 de]clarare
784 1242 934 1275 videlicet
957 1254 976 1274 a
999 1254 1119 1285 magna
1135 1243 1209 1284 pola
1225 1242 1280 1274 ubi
1298 1242 1478 1275 WRELECH
1496 1243 1598 1275 oritur
1613 1255 1669 1285 per

184 1322 301 1354 aquam
318 1313 357 1344 de
373 1312 553 1345 WRELECH
571 1312 733 1344 tendendo
749 1323 850 1353 usque
866 1312 900 1343 in
917 1311 1052 1343 fluvium
1077 1312 1116 1343 de
1139 1311 1244 1343 Nam
1261 1323 1371 1343 versus
1394 1313 1665 1354 septemtrionem,

184 1386 216 1415 et
239 1394 296 1424 per
311 1382 449 1414 fiuvium
472 1383 511 1413 de
536 1381 640 1413 NETH
661 1382 824 1413 tendendo
850 1392 958 1413 versus
986 1381 1142 1412 orientem
1169 1393 1270 1423 usque
1298 1382 1338 1412 ad
1367 1381 1560 1412 REDEVAYN
1589 1384 1619 1413 et
1647 1393 1667 1413 a

186 1451 417 1495 RE[DEVAYN]
436 1463 538 1493 usque
554 1452 594 1483 ad
616 1451 695 1482 fines
711 1450 889 1483 Bmzcomss
905 1453 937 1483 et
953 1450 1029 1482 inde
1046 1462 1153 1482 versus
1169 1453 1314 1482 austrum
1330 1451 1493 1482 tendendo
1510 1461 1610 1493 usque
1627 1451 1668 1483 ad

185 1522 328 1553 rivulum
359 1520 480 1552 CANAN
512 1522 544 1552 et
575 1531 632 1562 per
661 1520 803 1551 rivulum
831 1519 953 1551 CANAN
979 1531 1079 1561 usque
1107 1520 1147 1551 de
1170 1519 1342 1551 ABERDAR
1369 1522 1400 1551 et
1428 1519 1468 1551 ab
1495 1519 1667 1551 ABERDAR

185 1590 304 1622 directe
335 1600 443 1621 versus
473 1589 670 1621 occidentem
700 1600 800 1630 usque
831 1589 872 1620 ad
903 1588 1118 1620 PUTHLADAR
1150 1592 1181 1620 et
1213 1600 1231 1620 a
1262 1588 1478 1620 PUTHLADAR
1501 1601 1601 1631 usque
1625 1590 1666 1621 ad

185 1658 295 1691 cilium
318 1657 447 1695 montis,
471 1660 503 1689 et
526 1668 582 1699 per
606 1657 716 1689 cilium
739 1657 858 1689 montis
882 1657 1000 1689 directe
1024 1657 1186 1689 tendendo
1211 1669 1318 1689 versus
1343 1658 1539 1689 occidentem
1566 1669 1665 1700 usque

184 1728 226 1759 ad
256 1727 433 1770 predictam
463 1737 616 1769 magnam
643 1726 759 1768 polam.
808 1726 971 1768 Quicquid
992 1726 1079 1758 infra
1098 1726 1155 1758 hos
1179 1726 1332 1759 terminos
1358 1726 1541 1758 continetur
1571 1727 1664 1759 dictis

184 1796 294 1828 abbati
310 1798 341 1828 et
358 1796 530 1828 conventui
553 1796 592 1827 de
609 1795 642 1826 M
648 1806 763 1827 ARGAN
780 1795 814 1827 in
831 1806 1034 1828 communem
1054 1798 1218 1836 pasturam
1241 1795 1499 1837 adjudicavimus
1523 1796 1662 1837 exceptis

183 1865 343 1897 mansioni
359 1867 392 1896 et
406 1864 499 1897 bosco
512 1865 552 1896 de
568 1864 777 1897 BoLcnoym
793 1867 825 1897 et
840 1867 970 1897 centum
986 1865 1066 1896 acris
1082 1864 1186 1896 eidem
1198 1865 1358 1897 mansioni
1370 1865 1531 1907 contiguis
1543 1866 1576 1896 in
1593 1865 1660 1897 loco

183 1934 352 1966 dumtaxat
370 1933 478 1966 abbati
494 1936 526 1965 et
542 1935 713 1966 conventui
729 1934 768 1966 de
785 1933 939 1965 MARGAN
956 1934 1063 1965 minus
1080 1934 1217 1973 nocenti,
1241 1936 1273 1966 et
1296 1934 1392 1966 unica
1412 1937 1541 1966 tantum
1564 1935 1659 1966 domo

183 2003 270 2045 apud
292 2003 579 2035 ESTUNWRELECH
603 2003 637 2034 in
665 2014 729 2045 qua
756 2003 867 2035 nullus
891 2008 1020 2034 maneat
1048 2002 1216 2045 religiosus
1242 2014 1301 2035 nec
1325 2003 1434 2045 aliqua
1457 2003 1502 2035 ibi
1527 2006 1660 2045 excepta

182 2074 312 2104 tantum
328 2072 428 2103 trium
444 2083 590 2103 acrarum
613 2072 805 2113 quantitate,
834 2072 915 2103 circa
940 2072 1076 2103 eandem
1101 2072 1233 2104 domum
1260 2072 1317 2103 fiat
1344 2072 1499 2104 clausura.
1547 2072 1659 2104 Tercio

183 2139 270 2180 quod
299 2150 387 2181 sepes
418 2140 538 2172 fossata
568 2140 712 2172 clausure
744 2142 776 2172 et
806 2140 870 2172 alia
901 2140 1044 2182 quelibet
1074 2140 1198 2173 edificia
1223 2152 1279 2182 per
1304 2141 1391 2183 ipsos
1422 2142 1461 2173 de
1490 2140 1657 2173 KERLYON

181 2209 362 2239 constructa
377 2210 483 2250 preter
498 2208 723 2250 prenominata
746 2209 875 2251 penitus
902 2211 1121 2241 amoveantur.
1170 2209 1295 2244 Quarto
1322 2212 1354 2241 et
1380 2209 1496 2241 ultimo
1524 2210 1610 2251 quod
1633 2209 1659 2241 si

180 2275 297 2317 aliquis
327 2276 502 2309 monachus
533 2277 584 2309 vel
615 2288 784 2310 conversus
814 2278 974 2310 dictorum
1005 2279 1174 2310 domorum
1205 2281 1316 2311 contra
1349 2278 1433 2310 hanc
1463 2278 1660 2310 sentenciam
