1998 2724
1527 128 1589 158 329

165 297 205 328 de
233 295 460 328 Benmcwm
489 320 494 325 .
524 293 705 325 JOHANNEs
732 292 798 324 Son
828 318 832 322 .
861 291 977 323 DAvm
1005 289 1141 321 anm
1171 315 1176 320 .
1203 288 1326 320 MAnoc
1353 286 1419 318 filio
1446 285 1602 317 MEHAERI
1632 310 1638 316 .

159 365 356 397 HERNALDO
371 374 521 396 converso
538 389 544 394 .
561 362 583 395 J
586 373 720 393 ORDANO
736 372 895 393 converso.

204 433 278 467 Seal
293 433 328 466 of
350 433 491 475 Morgan
507 443 547 474 ap
565 431 716 469 caradoc,
733 431 789 462 red
805 441 887 469 wax,
904 428 1049 472 chipped.

202 503 424 536 Endorsed——‘
438 501 590 544 Morgani
606 501 646 533 de
662 506 775 542 quater
792 501 862 532 xxti·
881 498 983 531 aeris.'

768 663 1025 696 CCCXXVIII.

204 748 366 782 GRANT
412 748 477 781 BY
522 746 734 785 MORGAN,
776 745 863 778 SON
910 745 968 777 OF
1014 743 1209 782 CRADOC,
1251 743 1310 775 OF
1356 742 1489 775 LAND
1535 741 1589 774 IN

289 816 624 855 LAHELESTUN,
649 815 712 848 ΟΒ
735 814 992 854 LALESTON,
1015 813 1074 846 TO
1097 812 1307 846 MARGAM
1330 811 1504 844 ABBEY.

709 898 883 941 [MARGAM
900 896 1093 939 CHARTER]

206 983 364 1016 Omnibus
394 982 510 1015 Sancte
541 982 669 1014 ecclesie
699 981 774 1013 filiis
804 981 844 1012 ad
876 992 954 1022 quos
981 992 1010 1022 p.
1040 991 1062 1012 s.
1090 991 1120 1021 p.
1149 978 1342 1010 MORGANUS
1373 978 1458 1009 filius
1486 977 1634 1010 CRAD001

159 1053 305 1086 salutem.

206 1122 321 1155 Sciatis
336 1134 387 1154 me
403 1121 535 1154 consilio
555 1123 586 1154 et
606 1132 761 1153 consensu
782 1120 914 1152 Lmsm
936 1123 966 1151 et
987 1119 1110 1151 OWEIN
1134 1118 1273 1149 filiorum
1294 1128 1440 1149 meorum
1461 1116 1584 1148 dedisse
1603 1119 1636 1148 et

163 1192 347 1225 concessisse
375 1194 407 1223 et
434 1191 494 1222 hac
521 1194 607 1222 carta
635 1190 835 1222 confirmasse
860 1189 902 1221 D.
921 1191 953 1220 et
972 1200 997 1220 e.
1016 1188 1055 1219 B.
1074 1188 1119 1219 M.
1139 1188 1178 1219 de
1199 1186 1245 1218 M.
1265 1199 1289 1218 e.
1309 1198 1350 1217 m.
1369 1187 1388 1217 i.
1408 1186 1449 1217 D.
1467 1197 1490 1217 s.
1510 1212 1515 1217 .
1534 1187 1636 1217 totam

166 1264 284 1292 terram
306 1271 367 1302 que
388 1259 451 1292 fuit
469 1259 637 1291 WALTEm
663 1258 826 1291 LAHELEs
848 1269 920 1289 oum
945 1256 1094 1289 omnibus
1119 1255 1321 1298 pertinentiis
1346 1256 1409 1286 suis
1433 1255 1467 1286 in
1488 1266 1518 1296 p.
1537 1266 1562 1286 e.
1580 1266 1638 1296 pro

167 1330 274 1362 anima
289 1341 360 1361 mea
376 1332 406 1360 et
424 1340 481 1371 pro
497 1327 666 1360 animabus
682 1328 937 1370 predecessorum
959 1329 991 1358 et
1011 1337 1223 1358 successorum
1240 1335 1393 1356 meorum.
1441 1324 1638 1356 Habendam

166 1401 198 1430 et
214 1399 387 1431 tenendam
406 1397 505 1430 libere
525 1400 557 1429 et
576 1398 683 1439 quiete
704 1397 785 1428 sicut
806 1397 873 1428 ulla
894 1396 1066 1427 elemosina
1085 1398 1189 1437 potest
1206 1394 1336 1426 liberius
1351 1393 1462 1426 haberi
1478 1396 1510 1425 et
1525 1394 1637 1426 teneri.

169 1467 214 1499 Et
238 1478 297 1509 ego
320 1470 351 1498 et
374 1466 506 1499 heredes
527 1467 590 1498 mei
615 1465 895 1498 warantizabimus
916 1465 960 1497 eis
983 1464 1065 1496 hano
1090 1464 1296 1496 donationem
1324 1464 1405 1494 sicut
1433 1463 1640 1495 elemosinam

166 1539 309 1569 nostram
324 1539 434 1568 eontra
450 1547 559 1568 omnes
575 1535 720 1567 homines
736 1535 770 1566 in
788 1538 987 1577 perpetuum.
1035 1533 1081 1565 Et
1093 1536 1197 1565 totum
1211 1544 1356 1564 annuum
1369 1532 1532 1564 redditum
1544 1543 1640 1574 quem

164 1617 269 1638 comes
290 1604 412 1637 solebat
433 1605 573 1647 accipere
594 1607 625 1637 et
645 1616 705 1647 ego
724 1608 796 1647 post
817 1605 922 1646 ipsum
942 1604 982 1635 de
1006 1603 1062 1634 illa
1088 1607 1181 1634 terra.
1230 1602 1357 1633 Scilicet
1380 1613 1453 1633 vm.
1472 1602 1588 1633 solidos
1609 1604 1641 1633 et

166 1680 253 1706 1111⁰¹'-
275 1675 444 1706 denarios.
463 1685 523 1717 ego
550 1677 582 1706 et
606 1674 738 1706 heredes
762 1675 826 1706 mei
853 1673 1004 1715 predictis
1030 1672 1195 1704 monachis
1220 1671 1346 1713 quitum
1374 1671 1583 1702 clamavimus
1607 1671 1642 1702 in

164 1746 364 1786 perpetuum.
412 1743 446 1775 Si
471 1755 544 1775 vero
566 1743 697 1785 aliquod
716 1743 882 1775 servitium
905 1743 972 1774 sive
993 1742 1116 1773 domini
1142 1741 1240 1783 Regis
1262 1741 1327 1772 sive
1349 1740 1486 1783 alicujus
1511 1740 1643 1772 alterius

166 1813 205 1844 de
221 1812 278 1844 illa
293 1815 378 1844 terra
393 1812 493 1845 fuerit
508 1813 683 1854 aliquando
698 1813 889 1854 requisitum
913 1838 919 1843 .
943 1823 1002 1854 ego
1018 1814 1049 1843 et
1065 1811 1197 1842 heredes
1213 1811 1276 1842 mei
1292 1810 1374 1841 illud
1390 1809 1545 1841 faciemus
1567 1835 1573 1841 .
1595 1809 1642 1840 ita

168 1882 253 1924 quod
269 1881 418 1913 monachi
434 1882 535 1924 quieti
550 1884 645 1914 erunt
662 1884 693 1913 et
709 1881 801 1913 liberi
817 1881 857 1913 ab
877 1881 964 1912 omni
986 1880 1115 1912 servitio
1133 1906 1138 1911 .
1157 1879 1322 1911 exactione
1341 1905 1345 1909 .
1364 1882 1396 1910 et
1411 1878 1642 1910 eonsuetudjne

167 1950 301 1982 seculari
322 1976 327 1981 .
349 1950 383 1982 in
399 1954 599 1992 perpetuum.
647 1950 713 1982 His
729 1949 864 1982 testibus
887 1976 892 1981 .
912 1949 1107 1982 WILLELMO
1123 1949 1162 1980 de
1179 1947 1380 1980 LICHEVELT
1403 1973 1408 1979 .
1435 1950 1467 1979 et
1483 1947 1645 1978 Ronmm»

165 2020 205 2051 de
237 2019 418 2051 anMon
452 2030 601 2051 converso
634 2046 639 2051 .
673 2020 712 2051 de
743 2019 922 2051 MARGAN.
950 2018 1136 2052 WURGANO
1166 2017 1341 2060 presbitero
1370 2043 1375 2048 .
1405 2016 1548 2048 MA0000
1578 2016 1644 2048 filio

168 2087 372 2131 Gmrfium]
393 2114 399 2119 .
418 2087 520 2120 HossL
535 2088 601 2120 fflio
618 2088 753 2121 Roomu
772 2115 777 2120 .
797 2088 914 2120 DAvm
930 2087 1099 2119 PUGNmL.

211 2157 285 2189 Seal
301 2157 335 2189 of
359 2156 501 2198 Morgan
516 2157 539 2188 f.
557 2157 689 2197 Cradoc,
707 2168 805 2200 green
823 2169 904 2196 wax,
921 2157 1067 2200 ehipped.

214 2225 437 2258 Endorsed—‘
450 2225 630 2268 Morganus
646 2227 685 2258 de
702 2237 779 2258 vm.
798 2226 907 2258 solidis
923 2228 955 2258 et
973 2251 979 2257 .
999 2230 1086 2257 1111⁰¹'·
1102 2225 1244 2257 denariis
1260 2225 1299 2256 de
1316 2223 1556 2256 Lahelestuna.’

318 2329 373 2354 21³
