<?xml version="1.0" encoding="UTF-8"?>
<!DOCTYPE html PUBLIC "-//W3C//DTD XHTML 1.0 Transitional//EN"
    "http://www.w3.org/TR/xhtml1/DTD/xhtml1-transitional.dtd">
<html xmlns="http://www.w3.org/1999/xhtml" xml:lang="en" lang="en">
 <head>
  <title>
</title>
<meta http-equiv="Content-Type" content="text/html;charset=utf-8" />
  <meta name='ocr-system' content='tesseract 3.04.00' />
  <meta name='ocr-capabilities' content='ocr_page ocr_carea ocr_par ocr_line ocrx_word'/>
</head>
<body>
  <div class='ocr_page' id='page_1' title='image "./cartaeetaliamuni02claruoft_0028.png"; bbox 0 0 1998 2724; ppageno 0'>
   <div class='ocr_carea' id='block_1_1' title="bbox 349 157 414 189">
    <p class='ocr_par' dir='ltr' id='par_1_1' title="bbox 349 157 414 189">
     <span class='ocr_line' id='line_1_1' title="bbox 349 157 414 189; baseline 0.015 -1"><span class='ocrx_word' id='word_1_1' title='bbox 349 157 414 189; x_wconf 84' lang='lat'><strong>244</strong></span> 
     </span>
    </p>
   </div>
   <div class='ocr_carea' id='block_1_2' title="bbox 931 471 1159 505">
    <p class='ocr_par' dir='ltr' id='par_1_2' title="bbox 931 471 1159 505">
     <span class='ocr_line' id='line_1_2' title="bbox 931 471 1159 505; baseline -0.004 0"><span class='ocrx_word' id='word_1_2' title='bbox 931 471 1159 505; x_wconf 83' lang='lat' dir='ltr'>CCXXXIX.</span> 
     </span>
    </p>
   </div>
   <div class='ocr_carea' id='block_1_3' title="bbox 323 550 1762 660">
    <p class='ocr_par' dir='ltr' id='par_1_3' title="bbox 323 550 1762 660">
     <span class='ocr_line' id='line_1_3' title="bbox 323 550 1762 598; baseline 0.007 -16"><span class='ocrx_word' id='word_1_3' title='bbox 323 550 611 585; x_wconf 79' lang='lat' dir='ltr'><strong>QUIT-OLAIM</strong></span> <span class='ocrx_word' id='word_1_4' title='bbox 632 552 698 585; x_wconf 87' lang='lat' dir='ltr'><strong>BY</strong></span> <span class='ocrx_word' id='word_1_5' title='bbox 718 553 1067 594; x_wconf 82' lang='lat' dir='ltr'>THATHERECH,</span> <span class='ocrx_word' id='word_1_6' title='bbox 1085 555 1356 590; x_wconf 74' lang='lat' dir='ltr'><strong>DAUGHTER</strong></span> <span class='ocrx_word' id='word_1_7' title='bbox 1373 557 1432 590; x_wconf 85' lang='lat' dir='ltr'><strong>OF</strong></span> <span class='ocrx_word' id='word_1_8' title='bbox 1449 557 1762 598; x_wconf 77' lang='lat' dir='ltr'>KATHEREOH,</span> 
     </span>
     <span class='ocr_line' id='line_1_4' title="bbox 439 619 1646 660; baseline 0.006 -7"><span class='ocrx_word' id='word_1_9' title='bbox 439 619 497 653; x_wconf 83' lang='lat' dir='ltr'><strong>TO</strong></span> <span class='ocrx_word' id='word_1_10' title='bbox 528 621 740 654; x_wconf 77' lang='lat' dir='ltr'>MARGAM</span> <span class='ocrx_word' id='word_1_11' title='bbox 769 622 935 656; x_wconf 88' lang='lat' dir='ltr'><strong>ABBEY</strong></span> <span class='ocrx_word' id='word_1_12' title='bbox 965 623 1025 656; x_wconf 79' lang='lat' dir='ltr'><strong>OF</strong></span> <span class='ocrx_word' id='word_1_13' title='bbox 1056 623 1155 656; x_wconf 78' lang='lat' dir='ltr'><strong>THE</strong></span> <span class='ocrx_word' id='word_1_14' title='bbox 1187 625 1459 659; x_wconf 84' lang='lat' dir='ltr'>‘PEYTEUIN</span> <span class='ocrx_word' id='word_1_15' title='bbox 1490 627 1646 660; x_wconf 85' lang='lat' dir='ltr'>LAND.&#39;</span> 
     </span>
    </p>
   </div>
   <div class='ocr_carea' id='block_1_4' title="bbox 847 705 1739 751">
    <p class='ocr_par' dir='ltr' id='par_1_4' title="bbox 847 705 1739 751">
     <span class='ocr_line' id='line_1_5' title="bbox 847 705 1739 751; baseline 0.008 -14"><span class='ocrx_word' id='word_1_16' title='bbox 847 705 1017 748; x_wconf 77' lang='lat' dir='ltr'>[MARGAM</span> <span class='ocrx_word' id='word_1_17' title='bbox 1050 706 1124 739; x_wconf 64' lang='lat' dir='ltr'><strong>GHA</strong></span> <span class='ocrx_word' id='word_1_18' title='bbox 1131 707 1247 751; x_wconf 55' lang='grc' dir='ltr'><strong>ΗΒΚ]</strong></span> <span class='ocrx_word' id='word_1_19' title='bbox 1662 711 1739 744; x_wconf 82' lang='lat' dir='ltr'><strong>S.D.</strong></span> 
     </span>
    </p>
   </div>
   <div class='ocr_carea' id='block_1_5' title="bbox 288 784 1780 2000">
    <p class='ocr_par' dir='ltr' id='par_1_5' title="bbox 295 784 1778 889">
     <span class='ocr_line' id='line_1_6' title="bbox 342 784 1778 831; baseline 0.008 -16"><span class='ocrx_word' id='word_1_20' title='bbox 342 784 511 817; x_wconf 80' lang='lat' dir='ltr'><strong>Universis</strong></span> <span class='ocrx_word' id='word_1_21' title='bbox 524 785 644 819; x_wconf 76' lang='lat' dir='ltr'>Christi</span> <span class='ocrx_word' id='word_1_22' title='bbox 654 788 803 820; x_wconf 83' lang='lat' dir='ltr'><strong>fidelibus</strong></span> <span class='ocrx_word' id='word_1_23' title='bbox 819 800 947 830; x_wconf 78' lang='lat' dir='ltr'><strong>presens</strong></span> <span class='ocrx_word' id='word_1_24' title='bbox 963 789 1118 831; x_wconf 84' lang='lat' dir='ltr'><strong>scriptum</strong></span> <span class='ocrx_word' id='word_1_25' title='bbox 1135 790 1250 822; x_wconf 82' lang='lat' dir='ltr'><strong>visuris</strong></span> <span class='ocrx_word' id='word_1_26' title='bbox 1267 791 1315 823; x_wconf 87' lang='lat' dir='ltr'><strong>vel</strong></span> <span class='ocrx_word' id='word_1_27' title='bbox 1336 792 1495 824; x_wconf 80' lang='lat' dir='ltr'><strong>audituris</strong></span> <span class='ocrx_word' id='word_1_28' title='bbox 1513 819 1518 823; x_wconf 87' lang='lat'><em>.</em></span> <span class='ocrx_word' id='word_1_29' title='bbox 1538 792 1778 826; x_wconf 74' lang='lat' dir='ltr'>THATHERECH</span> 
     </span>
     <span class='ocr_line' id='line_1_7' title="bbox 295 854 790 889; baseline 0.004 -3"><span class='ocrx_word' id='word_1_30' title='bbox 295 854 363 886; x_wconf 76' lang='lat' dir='ltr'><strong>filia</strong></span> <span class='ocrx_word' id='word_1_31' title='bbox 380 854 599 887; x_wconf 80' lang='lat' dir='ltr'><strong>KATHERECH</strong></span> <span class='ocrx_word' id='word_1_32' title='bbox 619 881 624 887; x_wconf 97' lang='lat'>.</span> <span class='ocrx_word' id='word_1_33' title='bbox 643 857 790 889; x_wconf 79' lang='lat' dir='ltr'><strong>salutem.</strong></span> 
     </span>
    </p>

    <p class='ocr_par' dir='ltr' id='par_1_6' title="bbox 288 923 1780 1858">
     <span class='ocr_line' id='line_1_8' title="bbox 339 923 1780 971; baseline 0.006 -16"><span class='ocrx_word' id='word_1_34' title='bbox 339 923 476 956; x_wconf 76' lang='lat' dir='ltr'>Noverit</span> <span class='ocrx_word' id='word_1_35' title='bbox 513 925 706 958; x_wconf 72' lang='lat' dir='ltr'>universitas</span> <span class='ocrx_word' id='word_1_36' title='bbox 744 930 848 959; x_wconf 81' lang='lat' dir='ltr'><strong>vestra</strong></span> <span class='ocrx_word' id='word_1_37' title='bbox 879 929 965 970; x_wconf 86' lang='lat' dir='ltr'><strong>quod</strong></span> <span class='ocrx_word' id='word_1_38' title='bbox 996 940 1056 971; x_wconf 84' lang='lat' dir='ltr'><strong>ego</strong></span> <span class='ocrx_word' id='word_1_39' title='bbox 1095 929 1226 962; x_wconf 82' lang='lat' dir='ltr'><strong>consilio</strong></span> <span class='ocrx_word' id='word_1_40' title='bbox 1265 933 1297 961; x_wconf 83' lang='lat' dir='ltr'><strong>et</strong></span> <span class='ocrx_word' id='word_1_41' title='bbox 1335 942 1489 963; x_wconf 83' lang='lat' dir='ltr'><strong>consensu</strong></span> <span class='ocrx_word' id='word_1_42' title='bbox 1529 930 1701 964; x_wconf 77' lang='lat' dir='ltr'>YORUARD</span> <span class='ocrx_word' id='word_1_43' title='bbox 1739 932 1780 964; x_wconf 82' lang='lat' dir='ltr'><strong>ab</strong></span> 
     </span>
     <span class='ocr_line' id='line_1_9' title="bbox 295 992 1776 1034; baseline 0.007 -10"><span class='ocrx_word' id='word_1_44' title='bbox 295 992 491 1025; x_wconf 75' lang='lat' dir='ltr'><strong>Gls&#39;rELARD</strong></span> <span class='ocrx_word' id='word_1_45' title='bbox 507 995 616 1026; x_wconf 81' lang='lat' dir='ltr'><strong>mariti</strong></span> <span class='ocrx_word' id='word_1_46' title='bbox 632 995 695 1027; x_wconf 86' lang='lat' dir='ltr'><strong>mei</strong></span> <span class='ocrx_word' id='word_1_47' title='bbox 712 998 744 1027; x_wconf 83' lang='lat' dir='ltr'><strong>et</strong></span> <span class='ocrx_word' id='word_1_48' title='bbox 759 997 905 1028; x_wconf 85' lang='lat' dir='ltr'><strong>omnium</strong></span> <span class='ocrx_word' id='word_1_49' title='bbox 921 997 1061 1029; x_wconf 80' lang='lat' dir='ltr'><strong>filiorum</strong></span> <span class='ocrx_word' id='word_1_50' title='bbox 1077 1009 1222 1030; x_wconf 84' lang='lat' dir='ltr'><strong>meorum</strong></span> <span class='ocrx_word' id='word_1_51' title='bbox 1238 1001 1269 1031; x_wconf 77' lang='lat' dir='ltr'><strong>et</strong></span> <span class='ocrx_word' id='word_1_52' title='bbox 1286 1000 1423 1032; x_wconf 78' lang='lat' dir='ltr'><strong>aliorum</strong></span> <span class='ocrx_word' id='word_1_53' title='bbox 1439 1001 1615 1033; x_wconf 74' lang='lat' dir='ltr'><strong>amicoriun</strong></span> <span class='ocrx_word' id='word_1_54' title='bbox 1631 1013 1776 1034; x_wconf 84' lang='lat' dir='ltr'><strong>meorum</strong></span> 
     </span>
     <span class='ocr_line' id='line_1_10' title="bbox 293 1062 1775 1104; baseline 0.007 -11"><span class='ocrx_word' id='word_1_55' title='bbox 293 1062 421 1104; x_wconf 82' lang='lat' dir='ltr'><strong>quitum</strong></span> <span class='ocrx_word' id='word_1_56' title='bbox 447 1063 583 1095; x_wconf 80' lang='lat' dir='ltr'><strong>clamavi</strong></span> <span class='ocrx_word' id='word_1_57' title='bbox 613 1063 683 1096; x_wconf 92' lang='lat' dir='ltr'><strong>Deo</strong></span> <span class='ocrx_word' id='word_1_58' title='bbox 711 1067 743 1097; x_wconf 88' lang='lat' dir='ltr'><strong>et</strong></span> <span class='ocrx_word' id='word_1_59' title='bbox 770 1066 898 1098; x_wconf 75' lang='lat' dir='ltr'>ecclesie</span> <span class='ocrx_word' id='word_1_60' title='bbox 925 1066 1017 1098; x_wconf 75' lang='lat' dir='ltr'><strong>beate</strong></span> <span class='ocrx_word' id='word_1_61' title='bbox 1041 1067 1161 1099; x_wconf 68' lang='lat' dir='ltr'>MARIE</span> <span class='ocrx_word' id='word_1_62' title='bbox 1193 1068 1232 1100; x_wconf 85' lang='lat' dir='ltr'><strong>de</strong></span> <span class='ocrx_word' id='word_1_63' title='bbox 1254 1069 1404 1100; x_wconf 66' lang='lat' dir='ltr'><strong>MARGAN</strong></span> <span class='ocrx_word' id='word_1_64' title='bbox 1427 1071 1459 1101; x_wconf 84' lang='lat' dir='ltr'><strong>et</strong></span> <span class='ocrx_word' id='word_1_65' title='bbox 1475 1070 1639 1102; x_wconf 82' lang='lat' dir='ltr'><strong>monachis</strong></span> <span class='ocrx_word' id='word_1_66' title='bbox 1655 1070 1775 1103; x_wconf 78' lang='lat' dir='ltr'><strong>ibidem</strong></span> 
     </span>
     <span class='ocr_line' id='line_1_11' title="bbox 291 1131 1779 1182; baseline 0.006 -18"><span class='ocrx_word' id='word_1_67' title='bbox 291 1131 362 1164; x_wconf 88' lang='lat' dir='ltr'><strong>Deo</strong></span> <span class='ocrx_word' id='word_1_68' title='bbox 385 1133 597 1166; x_wconf 83' lang='lat' dir='ltr'><strong>servientibus</strong></span> <span class='ocrx_word' id='word_1_69' title='bbox 624 1136 730 1177; x_wconf 73' lang='lat' dir='ltr'><strong>totum</strong></span> <span class='ocrx_word' id='word_1_70' title='bbox 757 1135 909 1167; x_wconf 76' lang='lat' dir='ltr'><strong>olamium</strong></span> <span class='ocrx_word' id='word_1_71' title='bbox 939 1147 1048 1168; x_wconf 87' lang='lat' dir='ltr'><strong>meum</strong></span> <span class='ocrx_word' id='word_1_72' title='bbox 1082 1137 1121 1169; x_wconf 86' lang='lat' dir='ltr'><strong>de</strong></span> <span class='ocrx_word' id='word_1_73' title='bbox 1154 1136 1254 1169; x_wconf 76' lang='lat' dir='ltr'><strong>Terra</strong></span> <span class='ocrx_word' id='word_1_74' title='bbox 1285 1138 1464 1171; x_wconf 68' lang='lat' dir='ltr'><strong>PEYTEUm</strong></span> <span class='ocrx_word' id='word_1_75' title='bbox 1498 1165 1503 1170; x_wconf 90' lang='lat'><em>.</em></span> <span class='ocrx_word' id='word_1_76' title='bbox 1537 1142 1569 1171; x_wconf 88' lang='lat' dir='ltr'><strong>et</strong></span> <span class='ocrx_word' id='word_1_77' title='bbox 1599 1142 1704 1172; x_wconf 81' lang='lat' dir='ltr'><strong>totum</strong></span> <span class='ocrx_word' id='word_1_78' title='bbox 1724 1140 1779 1182; x_wconf 83' lang='lat' dir='ltr'><strong>jus</strong></span> 
     </span>
     <span class='ocr_line' id='line_1_12' title="bbox 291 1202 1777 1249; baseline 0.007 -17"><span class='ocrx_word' id='word_1_79' title='bbox 291 1202 376 1243; x_wconf 88' lang='lat' dir='ltr'><strong>quod</strong></span> <span class='ocrx_word' id='word_1_80' title='bbox 401 1202 548 1234; x_wconf 79' lang='lat' dir='ltr'><strong>dicebam</strong></span> <span class='ocrx_word' id='word_1_81' title='bbox 576 1214 627 1235; x_wconf 90' lang='lat' dir='ltr'><strong>me</strong></span> <span class='ocrx_word' id='word_1_82' title='bbox 654 1203 772 1236; x_wconf 83' lang='lat' dir='ltr'><strong>habere</strong></span> <span class='ocrx_word' id='word_1_83' title='bbox 798 1205 832 1236; x_wconf 88' lang='lat' dir='ltr'><strong>in</strong></span> <span class='ocrx_word' id='word_1_84' title='bbox 855 1206 967 1237; x_wconf 80' lang='lat' dir='ltr'><strong>eadem</strong></span> <span class='ocrx_word' id='word_1_85' title='bbox 991 1209 1084 1238; x_wconf 86' lang='lat' dir='ltr'><strong>terra.</strong></span> <span class='ocrx_word' id='word_1_86' title='bbox 1133 1206 1187 1238; x_wconf 74' lang='lat' dir='ltr'><strong>Ita</strong></span> <span class='ocrx_word' id='word_1_87' title='bbox 1211 1208 1297 1249; x_wconf 90' lang='lat' dir='ltr'><strong>quod</strong></span> <span class='ocrx_word' id='word_1_88' title='bbox 1321 1208 1398 1240; x_wconf 83' lang='lat' dir='ltr'><strong>dicti</strong></span> <span class='ocrx_word' id='word_1_89' title='bbox 1422 1209 1570 1241; x_wconf 83' lang='lat' dir='ltr'><strong>monachi</strong></span> <span class='ocrx_word' id='word_1_90' title='bbox 1586 1209 1728 1241; x_wconf 75' lang='lat' dir='ltr'>habeant</span> <span class='ocrx_word' id='word_1_91' title='bbox 1744 1213 1777 1242; x_wconf 77' lang='lat' dir='ltr'><strong>et</strong></span> 
     </span>
     <span class='ocr_line' id='line_1_13' title="bbox 290 1272 1773 1318; baseline 0.006 -16"><span class='ocrx_word' id='word_1_92' title='bbox 290 1272 423 1303; x_wconf 79' lang='lat' dir='ltr'>teneant</span> <span class='ocrx_word' id='word_1_93' title='bbox 450 1272 586 1304; x_wconf 83' lang='lat' dir='ltr'><strong>eandem</strong></span> <span class='ocrx_word' id='word_1_94' title='bbox 613 1275 732 1305; x_wconf 79' lang='lat' dir='ltr'><strong>‘terram</strong></span> <span class='ocrx_word' id='word_1_95' title='bbox 758 1273 896 1306; x_wconf 81' lang='lat' dir='ltr'><strong>solutam</strong></span> <span class='ocrx_word' id='word_1_96' title='bbox 923 1278 954 1307; x_wconf 90' lang='lat' dir='ltr'><strong>et</strong></span> <span class='ocrx_word' id='word_1_97' title='bbox 979 1276 1105 1318; x_wconf 76' lang='lat' dir='ltr'><strong>quitam</strong></span> <span class='ocrx_word' id='word_1_98' title='bbox 1132 1287 1151 1308; x_wconf 81' lang='lat' dir='ltr'>a</span> <span class='ocrx_word' id='word_1_99' title='bbox 1177 1287 1228 1308; x_wconf 90' lang='lat' dir='ltr'><strong>me</strong></span> <span class='ocrx_word' id='word_1_100' title='bbox 1244 1279 1276 1308; x_wconf 81' lang='lat' dir='ltr'><strong>et</strong></span> <span class='ocrx_word' id='word_1_101' title='bbox 1293 1277 1442 1309; x_wconf 86' lang='lat' dir='ltr'><strong>omnibus</strong></span> <span class='ocrx_word' id='word_1_102' title='bbox 1457 1277 1628 1310; x_wconf 79' lang='lat' dir='ltr'><strong>heredibus</strong></span> <span class='ocrx_word' id='word_1_103' title='bbox 1644 1279 1723 1311; x_wconf 84' lang='lat' dir='ltr'><strong>meis</strong></span> <span class='ocrx_word' id='word_1_104' title='bbox 1739 1279 1773 1311; x_wconf 88' lang='lat' dir='ltr'><strong>in</strong></span> 
     </span>
     <span class='ocr_line' id='line_1_14' title="bbox 289 1341 1772 1387; baseline 0.006 -16"><span class='ocrx_word' id='word_1_105' title='bbox 289 1343 490 1382; x_wconf 83' lang='lat' dir='ltr'><strong>perpetuum.</strong></span> <span class='ocrx_word' id='word_1_106' title='bbox 549 1341 596 1373; x_wconf 75' lang='lat' dir='ltr'><strong>Et</strong></span> <span class='ocrx_word' id='word_1_107' title='bbox 611 1343 776 1375; x_wconf 85' lang='lat' dir='ltr'><strong>sciendum</strong></span> <span class='ocrx_word' id='word_1_108' title='bbox 794 1345 880 1386; x_wconf 89' lang='lat' dir='ltr'><strong>quod</strong></span> <span class='ocrx_word' id='word_1_109' title='bbox 896 1344 1025 1376; x_wconf 78' lang='lat' dir='ltr'><strong>affidavi</strong></span> <span class='ocrx_word' id='word_1_110' title='bbox 1041 1347 1073 1377; x_wconf 90' lang='lat' dir='ltr'><strong>et</strong></span> <span class='ocrx_word' id='word_1_111' title='bbox 1089 1357 1183 1387; x_wconf 86' lang='lat' dir='ltr'><strong>super</strong></span> <span class='ocrx_word' id='word_1_112' title='bbox 1199 1350 1398 1378; x_wconf 70' lang='lat' dir='ltr'><strong>sacrosancta</strong></span> <span class='ocrx_word' id='word_1_113' title='bbox 1414 1347 1541 1379; x_wconf 77' lang='lat' dir='ltr'><strong>ecclesie</strong></span> <span class='ocrx_word' id='word_1_114' title='bbox 1558 1348 1597 1379; x_wconf 91' lang='lat' dir='ltr'><strong>de</strong></span> <span class='ocrx_word' id='word_1_115' title='bbox 1613 1347 1740 1379; x_wconf 75' lang='lat' dir='ltr'>M&#39;ARGA</span> <span class='ocrx_word' id='word_1_116' title='bbox 1750 1359 1772 1380; x_wconf 83' lang='lat' dir='ltr'>N</span> 
     </span>
     <span class='ocr_line' id='line_1_15' title="bbox 289 1408 1773 1457; baseline 0.005 -17"><span class='ocrx_word' id='word_1_117' title='bbox 289 1408 396 1451; x_wconf 82' lang='lat' dir='ltr'><strong>juravi</strong></span> <span class='ocrx_word' id='word_1_118' title='bbox 428 1411 514 1452; x_wconf 86' lang='lat' dir='ltr'><strong>quod</strong></span> <span class='ocrx_word' id='word_1_119' title='bbox 544 1423 713 1453; x_wconf 79' lang='lat' dir='ltr'><strong>nunquam</strong></span> <span class='ocrx_word' id='word_1_120' title='bbox 743 1413 876 1445; x_wconf 85' lang='lat' dir='ltr'><strong>movebo</strong></span> <span class='ocrx_word' id='word_1_121' title='bbox 908 1414 1060 1446; x_wconf 70' lang='lat' dir='ltr'><strong>clamjum</strong></span> <span class='ocrx_word' id='word_1_122' title='bbox 1091 1415 1141 1446; x_wconf 85' lang='lat' dir='ltr'><strong>vel</strong></span> <span class='ocrx_word' id='word_1_123' title='bbox 1179 1415 1342 1457; x_wconf 76' lang='lat' dir='ltr'><strong>querelam</strong></span> <span class='ocrx_word' id='word_1_124' title='bbox 1381 1426 1490 1447; x_wconf 85' lang='lat' dir='ltr'><strong>versus</strong></span> <span class='ocrx_word' id='word_1_125' title='bbox 1524 1415 1695 1447; x_wconf 77' lang='lat' dir='ltr'><strong>monachos</strong></span> <span class='ocrx_word' id='word_1_126' title='bbox 1733 1417 1773 1448; x_wconf 87' lang='lat' dir='ltr'><strong>de</strong></span> 
     </span>
     <span class='ocr_line' id='line_1_16' title="bbox 290 1477 1772 1527; baseline 0.004 -17"><span class='ocrx_word' id='word_1_127' title='bbox 290 1477 443 1510; x_wconf 68' lang='lat' dir='ltr'>MARGAN</span> <span class='ocrx_word' id='word_1_128' title='bbox 467 1491 524 1522; x_wconf 90' lang='lat' dir='ltr'><strong>pro</strong></span> <span class='ocrx_word' id='word_1_129' title='bbox 547 1481 691 1522; x_wconf 77' lang='lat' dir='ltr'><strong>predicta</strong></span> <span class='ocrx_word' id='word_1_130' title='bbox 712 1485 798 1514; x_wconf 78' lang='lat' dir='ltr'><strong>terra</strong></span> <span class='ocrx_word' id='word_1_131' title='bbox 815 1509 820 1514; x_wconf 92' lang='lat'><em>.</em></span> <span class='ocrx_word' id='word_1_132' title='bbox 840 1483 891 1514; x_wconf 88' lang='lat' dir='ltr'><strong>vel</strong></span> <span class='ocrx_word' id='word_1_133' title='bbox 906 1483 1023 1525; x_wconf 82' lang='lat' dir='ltr'><strong>aliquis</strong></span> <span class='ocrx_word' id='word_1_134' title='bbox 1039 1484 1121 1515; x_wconf 83' lang='lat' dir='ltr'><strong>alius</strong></span> <span class='ocrx_word' id='word_1_135' title='bbox 1137 1495 1194 1526; x_wconf 89' lang='lat' dir='ltr'><strong>pro</strong></span> <span class='ocrx_word' id='word_1_136' title='bbox 1211 1495 1262 1516; x_wconf 89' lang='lat' dir='ltr'><strong>me</strong></span> <span class='ocrx_word' id='word_1_137' title='bbox 1279 1484 1328 1515; x_wconf 77' lang='lat' dir='ltr'><strong>vel</strong></span> <span class='ocrx_word' id='word_1_138' title='bbox 1346 1495 1403 1526; x_wconf 85' lang='lat' dir='ltr'><strong>per</strong></span> <span class='ocrx_word' id='word_1_139' title='bbox 1418 1496 1469 1516; x_wconf 86' lang='lat' dir='ltr'><strong>me</strong></span> <span class='ocrx_word' id='word_1_140' title='bbox 1485 1485 1550 1516; x_wconf 76' lang='lat' dir='ltr'><strong>sive</strong></span> <span class='ocrx_word' id='word_1_141' title='bbox 1567 1485 1772 1527; x_wconf 79' lang='lat' dir='ltr'><strong>supervixero</strong></span> 
     </span>
     <span class='ocr_line' id='line_1_17' title="bbox 288 1548 1769 1595; baseline 0.005 -16"><span class='ocrx_word' id='word_1_142' title='bbox 288 1548 442 1580; x_wconf 79' lang='lat' dir='ltr'><strong>maritum</strong></span> <span class='ocrx_word' id='word_1_143' title='bbox 466 1560 574 1581; x_wconf 87' lang='lat' dir='ltr'><strong>meum</strong></span> <span class='ocrx_word' id='word_1_144' title='bbox 597 1550 662 1582; x_wconf 88' lang='lat' dir='ltr'><strong>sive</strong></span> <span class='ocrx_word' id='word_1_145' title='bbox 686 1562 760 1583; x_wconf 83' lang='lat' dir='ltr'>non.</span> <span class='ocrx_word' id='word_1_146' title='bbox 813 1551 886 1584; x_wconf 84' lang='lat' dir='ltr'><strong>Hiis</strong></span> <span class='ocrx_word' id='word_1_147' title='bbox 901 1553 1045 1585; x_wconf 87' lang='lat' dir='ltr'><strong>testibus.</strong></span> <span class='ocrx_word' id='word_1_148' title='bbox 1094 1553 1268 1585; x_wconf 56' lang='lat' dir='ltr'><strong>Maxumo</strong></span> <span class='ocrx_word' id='word_1_149' title='bbox 1298 1565 1432 1595; x_wconf 82' lang='lat' dir='ltr'><strong>persona</strong></span> <span class='ocrx_word' id='word_1_150' title='bbox 1457 1554 1496 1586; x_wconf 91' lang='lat' dir='ltr'><strong>de</strong></span> <span class='ocrx_word' id='word_1_151' title='bbox 1521 1554 1740 1586; x_wconf 61' lang='lat' dir='ltr'><strong>memum</strong></span> <span class='ocrx_word' id='word_1_152' title='bbox 1762 1580 1769 1586; x_wconf 89' lang='lat'>.</span> 
     </span>
     <span class='ocr_line' id='line_1_18' title="bbox 291 1616 1769 1655; baseline 0.005 -8"><span class='ocrx_word' id='word_1_153' title='bbox 291 1616 459 1649; x_wconf 58' lang='lat' dir='ltr'><strong>Yommm)</strong></span> <span class='ocrx_word' id='word_1_154' title='bbox 481 1617 521 1649; x_wconf 86' lang='lat' dir='ltr'><strong>ab</strong></span> <span class='ocrx_word' id='word_1_155' title='bbox 538 1618 646 1651; x_wconf 68' lang='lat' dir='ltr'><strong>Espms</strong></span> <span class='ocrx_word' id='word_1_156' title='bbox 663 1645 669 1652; x_wconf 93' lang='lat'><strong><em>.</em></strong></span> <span class='ocrx_word' id='word_1_157' title='bbox 688 1620 790 1652; x_wconf 78' lang='lat' dir='ltr'>ENER</span> <span class='ocrx_word' id='word_1_158' title='bbox 805 1621 846 1653; x_wconf 84' lang='lat' dir='ltr'><strong>ab</strong></span> <span class='ocrx_word' id='word_1_159' title='bbox 862 1621 1009 1654; x_wconf 74' lang='lat' dir='ltr'><strong>KNAYTU</strong></span> <span class='ocrx_word' id='word_1_160' title='bbox 1027 1648 1033 1653; x_wconf 94' lang='lat'>.</span> <span class='ocrx_word' id='word_1_161' title='bbox 1052 1621 1209 1655; x_wconf 82' lang='lat' dir='ltr'><strong>WRONou</strong></span> <span class='ocrx_word' id='word_1_162' title='bbox 1225 1622 1280 1654; x_wconf 78' lang='lat' dir='ltr'><strong>Du</strong></span> <span class='ocrx_word' id='word_1_163' title='bbox 1303 1648 1309 1654; x_wconf 85' lang='lat'><strong>.</strong></span> <span class='ocrx_word' id='word_1_164' title='bbox 1328 1622 1498 1654; x_wconf 72' lang='lat' dir='ltr'>PHILIPPO</span> <span class='ocrx_word' id='word_1_165' title='bbox 1514 1623 1554 1655; x_wconf 78' lang='lat' dir='ltr'><strong>ab</strong></span> <span class='ocrx_word' id='word_1_166' title='bbox 1570 1622 1743 1655; x_wconf 76' lang='lat' dir='ltr'>KADUGAN</span> <span class='ocrx_word' id='word_1_167' title='bbox 1763 1649 1769 1655; x_wconf 88' lang='lat'>.</span> 
     </span>
     <span class='ocr_line' id='line_1_19' title="bbox 291 1686 1768 1725; baseline 0.005 -8"><span class='ocrx_word' id='word_1_168' title='bbox 291 1686 423 1718; x_wconf 73' lang='lat' dir='ltr'>CRADOC</span> <span class='ocrx_word' id='word_1_169' title='bbox 448 1687 488 1719; x_wconf 84' lang='lat' dir='ltr'><strong>ab</strong></span> <span class='ocrx_word' id='word_1_170' title='bbox 517 1687 648 1720; x_wconf 62' lang='lat' dir='ltr'><strong>Rmffln</strong></span> <span class='ocrx_word' id='word_1_171' title='bbox 677 1713 684 1721; x_wconf 87' lang='lat'><em>.</em></span> <span class='ocrx_word' id='word_1_172' title='bbox 711 1689 884 1723; x_wconf 74' lang='lat' dir='ltr'>MEDEROD</span> <span class='ocrx_word' id='word_1_173' title='bbox 911 1691 952 1723; x_wconf 82' lang='lat' dir='ltr'><strong>ab</strong></span> <span class='ocrx_word' id='word_1_174' title='bbox 978 1691 1106 1724; x_wconf 75' lang='lat' dir='ltr'>KANAN</span> <span class='ocrx_word' id='word_1_175' title='bbox 1132 1694 1164 1724; x_wconf 78' lang='lat' dir='ltr'><strong>et</strong></span> <span class='ocrx_word' id='word_1_176' title='bbox 1188 1692 1349 1724; x_wconf 66' lang='lat' dir='ltr'><strong>Rossmzro</strong></span> <span class='ocrx_word' id='word_1_177' title='bbox 1376 1691 1489 1723; x_wconf 67' lang='lat' dir='ltr'><strong>Pomz</strong></span> <span class='ocrx_word' id='word_1_178' title='bbox 1520 1718 1526 1723; x_wconf 95' lang='lat'>.</span> <span class='ocrx_word' id='word_1_179' title='bbox 1549 1692 1768 1725; x_wconf 80' lang='lat' dir='ltr'>W1LLELM0.</span> 
     </span>
     <span class='ocr_line' id='line_1_20' title="bbox 291 1754 1774 1795; baseline 0.006 -9"><span class='ocrx_word' id='word_1_180' title='bbox 291 1754 466 1788; x_wconf 79' lang='lat' dir='ltr'><strong>WALTERO</strong></span> <span class='ocrx_word' id='word_1_181' title='bbox 492 1783 498 1789; x_wconf 88' lang='lat'>.</span> <span class='ocrx_word' id='word_1_182' title='bbox 527 1759 692 1790; x_wconf 77' lang='lat' dir='ltr'><strong>monachis</strong></span> <span class='ocrx_word' id='word_1_183' title='bbox 717 1760 756 1791; x_wconf 87' lang='lat' dir='ltr'><strong>de</strong></span> <span class='ocrx_word' id='word_1_184' title='bbox 785 1760 934 1791; x_wconf 70' lang='lat' dir='ltr'>MARGAN</span> <span class='ocrx_word' id='word_1_185' title='bbox 962 1786 968 1791; x_wconf 95' lang='lat'>.</span> <span class='ocrx_word' id='word_1_186' title='bbox 998 1760 1141 1793; x_wconf 77' lang='lat' dir='ltr'>REREDO</span> <span class='ocrx_word' id='word_1_187' title='bbox 1165 1786 1172 1792; x_wconf 89' lang='lat'>.</span> <span class='ocrx_word' id='word_1_188' title='bbox 1194 1761 1345 1793; x_wconf 62' lang='lat' dir='ltr'><strong>Huc-oms</strong></span> <span class='ocrx_word' id='word_1_189' title='bbox 1364 1787 1371 1794; x_wconf 92' lang='lat'><strong>.</strong></span> <span class='ocrx_word' id='word_1_190' title='bbox 1388 1761 1497 1794; x_wconf 72' lang='lat' dir='ltr'><strong>Espvs</strong></span> <span class='ocrx_word' id='word_1_191' title='bbox 1515 1788 1520 1793; x_wconf 88' lang='lat'>.</span> <span class='ocrx_word' id='word_1_192' title='bbox 1539 1762 1697 1794; x_wconf 85' lang='lat' dir='ltr'><strong>conversis</strong></span> <span class='ocrx_word' id='word_1_193' title='bbox 1717 1788 1723 1794; x_wconf 85' lang='lat'><strong>.</strong></span> <span class='ocrx_word' id='word_1_194' title='bbox 1742 1765 1774 1795; x_wconf 81' lang='lat' dir='ltr'><strong>et</strong></span> 
     </span>
     <span class='ocr_line' id='line_1_21' title="bbox 291 1825 498 1858; baseline 0.005 -2"><span class='ocrx_word' id='word_1_195' title='bbox 291 1825 403 1857; x_wconf 83' lang='lat' dir='ltr'><strong>multis</strong></span> <span class='ocrx_word' id='word_1_196' title='bbox 419 1826 498 1858; x_wconf 83' lang='lat' dir='ltr'><strong>aliis.</strong></span> 
     </span>
    </p>

    <p class='ocr_par' dir='ltr' id='par_1_7' title="bbox 335 1893 1428 1940">
     <span class='ocr_line' id='line_1_22' title="bbox 335 1893 1428 1940; baseline 0.005 -15"><span class='ocrx_word' id='word_1_197' title='bbox 335 1893 473 1926; x_wconf 83' lang='lat' dir='ltr'><strong>Pointed</strong></span> <span class='ocrx_word' id='word_1_198' title='bbox 490 1896 561 1927; x_wconf 82' lang='lat' dir='ltr'>oval</span> <span class='ocrx_word' id='word_1_199' title='bbox 578 1897 652 1934; x_wconf 72' lang='lat' dir='ltr'><strong>scal,</strong></span> <span class='ocrx_word' id='word_1_200' title='bbox 670 1896 779 1929; x_wconf 87' lang='lat' dir='ltr'><strong>brown</strong></span> <span class='ocrx_word' id='word_1_201' title='bbox 797 1909 878 1937; x_wconf 76' lang='lat' dir='ltr'><strong>wax,</strong></span> <span class='ocrx_word' id='word_1_202' title='bbox 898 1899 982 1939; x_wconf 47' lang='lat' dir='ltr'><strong>lssin.</strong></span> <span class='ocrx_word' id='word_1_203' title='bbox 1001 1898 1046 1940; x_wconf 87' lang='lat' dir='ltr'><strong>by</strong></span> <span class='ocrx_word' id='word_1_204' title='bbox 1062 1899 1140 1940; x_wconf 69' lang='lat' dir='ltr'><strong>{in.‚</strong></span> <span class='ocrx_word' id='word_1_205' title='bbox 1157 1911 1176 1930; x_wconf 85' lang='lat' dir='ltr'><strong>a</strong></span> <span class='ocrx_word' id='word_1_206' title='bbox 1192 1898 1251 1931; x_wconf 82' lang='lat' dir='ltr'><strong>fish</strong></span> <span class='ocrx_word' id='word_1_207' title='bbox 1267 1899 1428 1931; x_wconf 84' lang='lat' dir='ltr'><strong>hauriant.</strong></span> 
     </span>
    </p>

    <p class='ocr_par' dir='ltr' id='par_1_8' title="bbox 794 1967 1268 2000">
     <span class='ocr_line' id='line_1_23' title="bbox 794 1967 1268 2000; baseline 0 -1"><span class='ocrx_word' id='word_1_208' title='bbox 794 1972 801 1982; x_wconf 68' lang='lat'>⁸</span> <span class='ocrx_word' id='word_1_209' title='bbox 815 1969 845 2000; x_wconf 75' lang='lat'>÷</span> <span class='ocrx_word' id='word_1_210' title='bbox 863 1978 1025 1998; x_wconf 77' lang='lat' dir='ltr'>SlGILLUM</span> <span class='ocrx_word' id='word_1_211' title='bbox 1043 1992 1049 1999; x_wconf 88' lang='lat'><strong><em>.</em></strong></span> <span class='ocrx_word' id='word_1_212' title='bbox 1067 1967 1268 1999; x_wconf 66' lang='lat' dir='ltr'>TADERECIL&#39;</span> 
     </span>
    </p>
   </div>
   <div class='ocr_carea' id='block_1_6' title="bbox 332 2031 1443 2127">
    <p class='ocr_par' dir='ltr' id='par_1_9' title="bbox 332 2031 1443 2127">
     <span class='ocr_line' id='line_1_24' title="bbox 332 2031 1443 2069; baseline 0.004 -6"><span class='ocrx_word' id='word_1_213' title='bbox 332 2031 554 2065; x_wconf 75' lang='lat' dir='ltr'><strong>Endorsed-‘</strong></span> <span class='ocrx_word' id='word_1_214' title='bbox 566 2034 663 2066; x_wconf 79' lang='lat' dir='ltr'>Carta</span> <span class='ocrx_word' id='word_1_215' title='bbox 679 2033 882 2068; x_wconf 68' lang='lat' dir='ltr'><strong>Thathereho</strong></span> <span class='ocrx_word' id='word_1_216' title='bbox 899 2037 938 2068; x_wconf 86' lang='lat' dir='ltr'><strong>de</strong></span> <span class='ocrx_word' id='word_1_217' title='bbox 954 2039 1038 2068; x_wconf 78' lang='lat' dir='ltr'><strong>terra</strong></span> <span class='ocrx_word' id='word_1_218' title='bbox 1055 2036 1212 2068; x_wconf 82' lang='lat' dir='ltr'><strong>Pciteviu.</strong></span> <span class='ocrx_word' id='word_1_219' title='bbox 1259 2036 1348 2069; x_wconf 84' lang='lat' dir='ltr'>John</span> <span class='ocrx_word' id='word_1_220' title='bbox 1366 2036 1443 2068; x_wconf 87' lang='lat' dir='ltr'><strong>Du.&#39;</strong></span> 
     </span>
     <span class='ocr_line' id='line_1_25' title="bbox 901 2104 1152 2127; baseline 0.004 -2"><span class='ocrx_word' id='word_1_221' title='bbox 901 2106 945 2127; x_wconf 74' lang='lat' dir='ltr'><strong>See</strong></span> <span class='ocrx_word' id='word_1_222' title='bbox 957 2104 1001 2126; x_wconf 85' lang='lat' dir='ltr'><strong>No.</strong></span> <span class='ocrx_word' id='word_1_223' title='bbox 1015 2104 1152 2127; x_wconf 24' lang='lat' dir='ltr'>COXXVJV</span> 
     </span>
    </p>
   </div>
  </div>
 </body>
</html>
