1998 2724
1562 169 1624 199 359

842 323 1020 356 CCCLIX.

190 404 426 437 MANDATE
458 403 524 436 BY
556 403 764 437 GILBERT
797 405 861 437 DE
898 405 1064 445 CLARE,
1096 404 1226 437 EARL
1264 405 1321 437 OF
1361 404 1667 438 GLOUCESTER

299 473 402 505 AND
433 472 705 513 HERTFORD,
736 473 922 506 TAKING
952 473 1162 506 MARGAM
1193 473 1356 506 ABBEY
1384 473 1554 506 UNDER
1585 474 1667 507 HIS

300 541 607 575 PROTEOTION.

733 585 906 629 [MARGAM
933 586 1126 629 CHARTER]
1404 586 1508 618 Omen
1528 587 1620 618 1218.

692 667 880 700 PROTECT10
905 668 943 700 G.
970 680 1012 700 DE
1037 668 1162 700 CLARE.

233 749 272 782 G.
291 750 330 782 de
354 749 468 782 CLARE
492 760 596 781 comes
619 748 827 781 GLOCESTRIE
853 754 883 781 et
910 749 1138 781 HERTFORDIE
1167 775 1172 780 .
1200 749 1348 781 omnibus
1375 749 1515 781 baillivis
1543 750 1607 781 suis
1633 755 1665 781 et

187 818 297 852 liberis
313 818 499 851 hominibus
515 818 579 850 suis
597 844 602 850 .
621 818 770 850 Famem
786 823 818 850 et
834 819 1001 850 ANGLlffls
1017 825 1049 850 et
1066 818 1317 851 WALLENSIBUS
1333 818 1479 850 salutem.

231 887 345 920 Sciatis
372 888 457 930 quod
485 887 583 919 abbas
610 890 641 919 et
668 892 844 919 conventus
871 888 910 919 de
938 888 1091 919 MARGAN
1120 913 1125 919 .
1153 890 1185 920 et
1211 888 1319 920 omnia
1345 890 1530 919 tenementa
1557 891 1589 919 et
1616 899 1665 919 res

186 957 329 999 ipsorum
354 959 428 989 sunt
452 955 509 988 sub
532 956 677 988 custodia
701 960 732 988 et
755 957 952 999 protectione
977 959 1095 988 nostra.
1142 956 1188 988 Et
1212 957 1285 988 ideo
1312 956 1446 988 firmiter
1472 956 1664 998 precipimus

185 1026 338 1068 quatinus
375 1036 427 1057 eos
463 1027 494 1057 et
521 1025 630 1057 omm'a
656 1036 713 1057 sua
743 1025 930 1057 custodiatis
960 1025 1198 1057 manuteneatis
1229 1028 1261 1057 et
1292 1024 1474 1056 defendatis
1505 1029 1661 1067 tanquam

185 1095 346 1127 dominica
361 1097 470 1126 nostra
484 1094 614 1136 propria
629 1096 661 1126 et
677 1105 787 1126 omnes
803 1093 968 1126 libertates
984 1096 1149 1126 contentas
1164 1095 1198 1125 in
1215 1094 1309 1125 cartis
1325 1105 1435 1126 eorum
1454 1120 1459 1125 .
1478 1094 1522 1125 eis
1538 1105 1556 1125 a
1573 1093 1664 1126 nobis

184 1166 242 1196 aut
271 1159 521 1196 antecesseribus
551 1163 668 1195 nostris
698 1163 851 1195 concessis
883 1166 939 1195 aut
970 1163 1054 1195 datis
1084 1164 1276 1195 conservetis
1306 1163 1412 1195 illesas
1448 1167 1479 1195 et
1516 1162 1556 1194 ab
1592 1163 1663 1194 aliis

184 1232 363 1265 conservari
390 1232 525 1264 faciatis.
573 1231 619 1264 Et
645 1232 672 1264 si
698 1232 743 1264 eis
768 1232 803 1263 in
828 1231 990 1273 aliquibus
1013 1232 1214 1264 forisfactum
1239 1231 1336 1263 fuerit
1359 1257 1364 1262 .
1385 1231 1563 1273 plenariam
1586 1231 1662 1262 inde

182 1302 346 1344 justiciam
362 1301 407 1333 eis
423 1301 491 1333 sine
506 1301 661 1332 dilatione
678 1300 815 1333 faciatis.
863 1300 988 1334 Valete.

625 1370 747 1411 (Bireh,
767 1370 803 1401 M
808 1381 915 1409 aryam
936 1371 1051 1409 Αὸὂεμ,
1068 1381 1098 1411 p.
1117 1370 1205 1410 236.)

842 1587 1000 1621 CCCLX.

179 1669 416 1702 MANDATE
477 1670 543 1703 BY
599 1669 808 1702 GILBERT
865 1670 929 1702 DE
986 1669 1153 1708 CLARE,
1209 1668 1357 1701 FIFTH
1418 1668 1543 1701 EARL
1599 1669 1658 1701 OF

291 1738 598 1772 GLOUCESTER
638 1739 740 1771 AND
782 1738 1054 1777 HERTFORD,
1098 1738 1156 1770 TO
1199 1737 1298 1770 THE
1344 1737 1553 1770 SHERIFF
1598 1738 1657 1770 OF

289 1807 598 1846 GLAMORGAN,
630 1807 761 1840 THAT
797 1807 866 1840 HE
903 1807 965 1840 DO
1002 1807 1096 1839 NOT
1134 1806 1316 1839 PERMIT
1355 1806 1454 1838 THE
1492 1807 1657 1839 ABBEY

289 1876 348 1908 OF
373 1876 585 1909 MARGAM
611 1876 669 1909 ΤΟ
697 1876 759 1909 ΒΕ
786 1876 1072 1908 IMPLEADED
1101 1876 1160 1908 OF
1187 1875 1342 1908 THEIR
1365 1875 1654 1908 TENEMENTS

288 1945 350 1977 ΟΒ
387 1945 605 1978 SEOULAR
642 1945 894 1978 PROPERTY
931 1944 1117 1977 EXCEPT
1156 1944 1345 1977 BEFORE
1384 1944 1483 1977 THE
1525 1944 1655 1977 EARL

286 2013 500 2046 HIMSELF
521 2014 583 2047 ΟΒ
605 2014 704 2047 THE
726 2014 935 2047 SHERIFF
958 2014 1023 2046 BY
1046 2013 1283 2046 MANDATE
1308 2013 1367 2046 OF
1391 2013 1489 2046 THE
1513 2013 1650 2046 EARL.

722 2095 895 2139 [MARGAM
919 2094 1113 2138 CHARTER]
1382 2096 1607 2127 1218—1229.

219 2175 257 2209 G.
287 2177 326 2209 de
357 2176 450 2209 Clare
481 2188 584 2210 eomes
615 2177 824 2210 GLOCESTRIE
856 2181 887 2210 et
919 2177 1123 2210 HERTFORD'
1154 2204 1158 2209 .
1188 2177 1367 2209 vicecomiti
1398 2177 1438 2208 de
1469 2176 1650 2210 GLAMORG'

173 2245 318 2278 salutem.
