1998 2724
345 177 408 208 678

345 334 481 366 Dudum
504 335 589 367 inter
606 360 612 367 .
631 360 637 366 .
658 334 806 366 abbatem
830 336 863 367 et
887 336 1080 367 conventum
1099 335 1285 367 monasterii
1308 336 1348 367 de
1363 335 1515 368 MORGAN
1532 335 1784 368 CISTERCIENsls

302 404 423 436 ordinis
461 403 704 436 LANDAVENSIS
743 404 900 436 dioceseos
930 415 971 435 ex
996 406 1088 446 parte
1118 415 1184 436 una
1215 406 1246 436 et
1274 430 1280 436 .
1314 430 1321 436 .
1345 404 1495 437 abbatem
1527 407 1558 437 et
1589 408 1781 438 conventum

301 473 486 505 monasterii
503 474 542 506 de
558 473 819 506 THEUKESBURA
838 498 844 505 .
862 473 984 505 ordinis
1004 472 1115 505 Sancti
1138 473 1330 506 BENEmcn
1347 473 1609 507 WicORNIENSIs
1625 476 1782 508 dioceseos

301 553 340 573 ex
364 543 465 574 altera
487 553 582 585 super
598 542 791 585 quibusdam
811 542 942 574 decimis
958 545 991 574 et
1005 542 1100 575 rebus
1123 542 1194 575 aliis
1218 568 1225 575 .
1251 545 1282 575 et
1297 554 1393 586 super
1408 555 1444 576 eo
1460 545 1547 586 quod
1570 544 1668 577 iidem
1683 544 1782 577 abbas

300 614 333 643 et
349 614 525 644 conventus
541 612 581 644 de
596 611 749 644 Monam
762 614 909 644 asserunt
921 612 1023 644 dictos
1035 611 1185 644 abbatem
1198 614 1229 644 et
1239 615 1433 645 conventum
1448 613 1488 646 de
1503 612 1782 646 THEUKESBURIA

301 681 463 713 occasione
478 681 675 713 decimarum
691 681 832 723 ipsarum
848 692 913 713 non
931 680 1051 723 absque
1065 681 1148 723 juris
1163 681 1285 724 injuria
1300 683 1342 714 ad
1357 682 1494 714 vetitum
1510 693 1645 715 examen
1661 683 1695 715 in
1711 683 1781 716 foro

300 751 433 782 seculari
478 750 613 782 traxisse
651 751 684 782 in
724 761 851 782 causam
889 752 1000 782 contra
1037 750 1205 783 canonicas
1250 751 1428 784 sanctiones
1464 752 1499 784 in
1542 753 1782 785 enervationem

300 819 508 852 ecclesiastice
523 819 682 851 libertatis
697 822 730 851 et
745 822 875 861 propter
890 819 950 852 hoc
965 819 1134 852 incurrisse
1150 820 1292 862 dampna
1303 820 1416 862 gravia
1425 823 1458 852 et
1469 831 1624 863 expensas
1635 824 1668 853 et
1680 821 1782 854 causis

298 888 376 930 ipsis
405 889 447 920 ad
485 889 592 920 sedem
623 889 830 930 apostolicam
868 888 1013 930 legitime
1050 888 1208 920 devolutis
1245 888 1345 920 felicis
1366 889 1594 922 recordationis
1631 890 1782 922 dominus

298 956 466 990 VRBANUS
490 957 580 999 Papa
597 983 603 989 .
623 963 715 989 unus·
730 957 823 989 nobis
839 968 948 989 causas
963 957 1048 999 ipsas
1062 957 1284 990 terminandas
1299 958 1466 990 commisit.
1514 957 1783 1001 comparentibus

298 1026 408 1068 itaque
423 1037 529 1059 coram
552 1026 644 1059 nobis
660 1026 920 1069 procuratoribus
935 1027 1077 1068 partium
1093 1037 1132 1058 ex
1145 1028 1235 1069 parte
1247 1026 1355 1059 fratris
1372 1026 1570 1060 &mmmm
1587 1028 1735 1061 monachi
1751 1031 1783 1061 et

298 1097 511 1139 procuratoris
526 1096 684 1129 dictorum
707 1095 833 1128 abbatis
848 1098 880 1128 et
898 1098 1073 1128 conventus
1088 1096 1273 1128 monasterii
1290 1097 1330 1128 de
1354 1096 1507 1129 MORGAN
1529 1097 1629 1130 oblati
1650 1097 1783 1130 fuerunt

300 1165 402 1198 Jibelli
418 1177 555 1208 quorum
571 1168 697 1198 tenores
712 1165 792 1197 tales
809 1168 893 1197 sunt.

345 1235 461 1267 Coram
484 1234 574 1267 vobis
596 1235 771 1267 reverende
794 1236 886 1277 pater
909 1234 1040 1266 domine
1064 1260 1070 1266 .
1101 1261 1107 1266 .
1133 1234 1309 1266 OsriaNffls
1331 1235 1476 1277 episcope
1498 1246 1518 1267 a
1540 1236 1671 1268 domino
1694 1236 1783 1279 Pape

301 1305 448 1348 partibus
459 1305 606 1337 auditore
621 1315 767 1337 concesso
779 1303 931 1347 proponit
945 1303 1048 1335 frater
1063 1303 1288 1336 GmLLELMUs
1304 1307 1489 1346 procurator
1500 1315 1527 1336 a.
1540 1307 1573 1336 et
1585 1316 1609 1336 c.
1621 1316 1663 1337 m.
1677 1306 1718 1338 de
1733 1305 1780 1337 M.

303 1374 556 1407 CIsTERCIENSIS
568 1375 689 1407 ordinis
701 1373 945 1407 LANDAVENSIS
955 1373 1114 1407 dioceseos
1126 1376 1236 1407 contra
1246 1385 1273 1406 a.
1286 1375 1319 1406 et
1335 1385 1360 1405 c.
1372 1384 1414 1405 m.
1426 1374 1466 1405 de
1483 1372 1520 1405 Τ.
1535 1374 1656 1406 ordinis
1671 1373 1783 1407 Sancti

301 1444 494 1477 Bnmmrm
522 1443 786 1477 WIGORNIENfflS
816 1445 975 1478 dioceseos
1004 1446 1038 1477 et
1063 1454 1173 1476 eorum
1202 1443 1385 1485 legitimum
1415 1445 1652 1485 procuratorem
1676 1443 1784 1476 dicens

300 1514 386 1556 quod
410 1513 485 1545 licet
510 1513 604 1546 dictis
626 1525 654 1545 a.
681 1515 714 1546 et
738 1525 764 1546 c.
791 1514 831 1545 de
854 1513 901 1545 M.
928 1516 961 1546 et
985 1513 1057 1556 ejus
1081 1512 1275 1545 monasterio
1301 1524 1358 1554 per
1382 1513 1489 1544 sedem
1513 1512 1718 1555 apostolicam
1741 1513 1784 1544 sit

300 1583 466 1616 indultum
507 1585 545 1616 ut
584 1583 623 1616 de
662 1583 756 1617 terris
794 1584 968 1616 eorundem
1004 1585 1080 1615 ante
1117 1582 1266 1625 generale
1302 1581 1470 1614 consilium
1506 1581 1668 1623 acquisitis
1704 1593 1783 1624 quas

302 1652 439 1695 propriis
463 1652 613 1685 manibus
639 1657 671 1685 et
702 1652 885 1695 sumptibus
915 1653 1066 1685 excolunt
1097 1651 1206 1684 nullus
1237 1650 1278 1683 ab
1308 1651 1353 1683 eis
1379 1651 1518 1683 decimas
1548 1650 1700 1694 exhigere
1727 1653 1784 1683 aut

304 1724 494 1764 extorquere
511 1725 675 1765 presumat
694 1747 699 1754 .
718 1722 796 1754 dicti
812 1724 922 1755 tamen
938 1733 965 1754 a.
983 1723 1016 1754 et
1031 1733 1056 1754 c.
1076 1732 1119 1754 m.
1137 1721 1177 1753 de
1193 1719 1230 1753 T.
1248 1721 1288 1752 de
1306 1719 1400 1752 terris
1416 1719 1591 1752 eorundem
1606 1731 1634 1751 a.
1653 1722 1685 1752 et
1701 1731 1725 1752 c.
1743 1720 1783 1751 de

304 1791 351 1823 M.
369 1791 404 1823 in
420 1790 587 1834 parrochia
602 1791 731 1824 ecclesie
748 1792 788 1824 de
803 1791 903 1824 Novo
920 1790 1050 1823 CASTRo
1066 1790 1100 1823 in
1125 1789 1341 1822 GLAMORGAN
1358 1788 1603 1821 LANDAVENffls
1626 1789 1785 1821 dioceseos

304 1860 517 1893 existentibus
548 1872 627 1903 quas
654 1860 867 1894 obtinuerunt
892 1862 968 1893 ante
999 1860 1170 1892 concilium
1200 1861 1414 1892 memoratum
1442 1884 1448 1891 .
1475 1861 1508 1890 et
1538 1869 1617 1901 quas
1646 1858 1784 1901 propriis

304 1929 454 1962 manibus
469 1932 501 1962 et
517 1929 700 1972 sumptibus
715 1930 867 1962 excolunt
891 1930 1030 1962 decimas
1045 1929 1086 1962 ab
1101 1929 1146 1961 eis
1162 1928 1316 1971 exhigere
1332 1930 1364 1959 et
1380 1929 1570 1970 extorquere
1585 1927 1736 1960 nituntur
1751 1930 1783 1960 et

304 1999 388 2041 ipsos
412 2010 506 2041 super
529 1999 592 2031 hiis
614 1998 759 2031 indebite
782 1998 975 2041 perturbant
998 2001 1030 2031 et
1045 1998 1218 2030 molestant
1234 1997 1406 2040 quominus
1428 1996 1506 2028 dicti
1529 2007 1557 2028 a.
1583 1998 1614 2028 et
1637 2007 1664 2028 c.
1680 1996 1711 2028 d.
1734 1995 1781 2028 M.

304 2067 491 2110 hujusmodi
515 2070 616 2100 terras
639 2079 712 2100 cum
736 2068 895 2101 fructibus
918 2068 994 2100 inde
1017 2068 1174 2110 perceptis
1198 2069 1230 2099 et
1253 2066 1466 2108 percipiendis
1487 2065 1586 2097 libere
1601 2064 1784 2108 possideant

304 2136 434 2178 pacifice
458 2139 489 2168 ot
513 2137 621 2178 quiete
648 2136 768 2179 absque
792 2137 973 2179 aliquarum
996 2136 1191 2168 decimarum
1217 2135 1411 2177 prestatione
1434 2145 1630 2176 quamquam
1654 2133 1731 2166 dicti
1754 2145 1782 2165 a.

304 2209 335 2238 et
353 2218 377 2238 c.
395 2207 435 2238 dc
451 2205 489 2238 Τ.
508 2206 637 2238 nullum
653 2207 707 2249 jus
721 2206 863 2239 habeant
878 2206 957 2238 talia
973 2206 1122 2238 faciendi.

349 2276 457 2310 Quare
481 2276 562 2318 petit
578 2276 737 2318 predictos
759 2288 787 2308 a.
805 2278 838 2308 et
854 2288 879 2307 c.
897 2277 937 2308 de
953 2274 990 2307 T.
1009 2275 1243 2308 sententialiter
1266 2285 1322 2316 per
1338 2284 1394 2306 vos
1410 2273 1558 2316 compelli
1574 2272 1729 2314 compesci
1752 2275 1784 2304 et

305 2345 533 2387 condempnari
557 2348 594 2377 ut
617 2355 636 2376 a
659 2344 753 2377 dictis
776 2344 961 2377 turbatione
984 2347 1015 2377 et
1038 2344 1261 2377 molestatione
1280 2342 1436 2375 desistant
1459 2344 1491 2374 et
1514 2341 1559 2374 eis
1581 2340 1720 2373 inhiberi
1742 2351 1784 2372 nc
