1998 2724
1540 150 1603 181 273

165 309 308 352 plenarie
324 309 544 351 persolverint.
592 308 771 340 Reddendo
788 309 863 340 inde
879 308 1048 340 annuatim
1064 308 1167 339 eidem
1186 308 1346 339 Romu«)
1363 312 1395 339 et
1415 308 1648 350 prenominatis

164 377 335 410 heredibus
360 377 426 411 suis
464 377 569 409 dictus
595 377 778 409 JOHANNES
805 382 835 410 et
863 377 995 409 heredes
1022 377 1071 409 sui
1097 377 1162 408 sive
1195 377 1351 419 assignati
1382 377 1492 409 decem
1530 377 1648 409 solidos

165 447 208 479 ad
239 449 377 488 quatuor
408 446 486 477 anni
517 446 670 478 terminos
700 447 865 478 redditum
895 446 1052 478 reddendi
1082 448 1218 478 statutos
1243 456 1301 488 pro
1331 445 1420 477 omni
1451 446 1582 477 servicio
1617 448 1650 478 et

166 516 342 555 exactione,
358 516 500 558 exceptis
525 515 650 548 duobus
677 516 787 547 solidis
812 516 888 547 inde
915 515 1032 547 debitis
1059 515 1167 547 comiti
1197 514 1432 547 GLOUCESTRIE
1460 518 1491 546 et
1518 516 1650 548 domino

165 585 274 617 abbati
289 586 329 617 de
345 584 560 617 KEINESHAM
576 585 746 617 annuatim
762 585 887 617 debitis.
935 585 988 617 Ita
1004 585 1122 617 seilicet
1139 585 1225 627 quod
1242 585 1268 616 si
1284 585 1388 617 dictus
1404 584 1588 617 JOHANNES
1601 585 1652 617 vel

163 655 296 687 heredes
311 655 361 687 sui
377 655 442 686 sive
459 654 616 697 assignati
632 654 756 696 aliquid
772 654 858 686 ultra
874 654 997 686 dictum
1012 654 1176 686 redditum
1193 657 1223 685 et
1240 654 1326 685 ultra
1339 654 1605 685 sustentationem
1618 656 1649 685 et

166 724 423 756 emendationem
440 724 600 756 dictorum
619 723 771 766 burgagii
793 726 825 755 et
848 724 932 765 prati
956 723 1055 755 libere
1075 726 1107 754 et
1132 723 1239 765 quiete
1264 723 1464 765 perceperint
1488 723 1592 755 eidem
1616 723 1651 754 in

164 793 358 825 solutionem
389 793 548 825 dictarum
578 792 697 835 viginti
727 796 758 824 et
790 792 933 834 quinque
960 804 1140 824 marcarum
1167 803 1224 834 pro
1248 792 1457 834 contingente
1485 792 1519 823 in
1547 792 1650 834 legale

165 863 365 895 veredictum
380 862 510 894 illorum
525 865 737 904 computetur.
785 861 820 893 Si
837 873 909 894 vero
926 861 1026 893 nichil
1046 862 1121 893 inde
1137 861 1336 903 perceperint
1352 873 1427 893 casu
1443 861 1652 904 contingente

168 932 268 964 nichil
294 933 339 964 eis
366 936 569 974 computetur
595 943 653 963 nec
682 931 799 972 aliquis
828 931 974 962 redditus
1000 930 1041 962 ab
1072 930 1117 962 eis
1132 931 1282 973 exigatur
1305 931 1392 962 salvo
1414 933 1523 962 tamen
1547 931 1652 963 eidem

170 1001 331 1033 Romano
361 1004 393 1033 et
423 1001 655 1043 prenominatis
685 999 857 1032 heredibus
897 1000 961 1032 suis
1002 1000 1036 1031 in
1076 999 1161 1032 dicto
1197 999 1357 1043 burgagio
1391 1000 1580 1032 aisiamento
1625 1000 1652 1032 si

166 1082 274 1103 necess
292 1097 297 1102 .
318 1097 323 1102 .
344 1097 349 1102 .
368 1070 551 1102 habuerunt
569 1075 600 1101 et
620 1069 669 1112 [?]
697 1070 740 1101 ad
757 1081 846 1101 oram
861 1073 977 1101 rectam
996 1069 1240 1111 premunierunt
1257 1069 1290 1100 in
1310 1069 1439 1101 redditu
1462 1072 1571 1101 tamen
1596 1081 1652 1101 suo

166 1151 224 1182 pro
241 1139 450 1182 contingente
460 1139 486 1171 si
502 1139 667 1170 redditum
682 1139 816 1170 reddere
832 1138 1003 1180 contigerit
1026 1142 1220 1180 computato.
1269 1138 1313 1170 Et
1333 1139 1359 1170 si
1375 1138 1545 1181 contingat
1567 1139 1653 1181 quod

166 1209 270 1240 dictus
291 1210 467 1240 RoBERTns
484 1211 559 1239 ante
578 1208 772 1240 solutionem
788 1208 873 1239 dicte
894 1208 1026 1249 pecunie
1039 1207 1170 1239 heredes
1182 1208 1221 1239 de
1238 1207 1324 1239 dicta
1342 1207 1464 1239 Gmcm
1482 1220 1579 1240 uxore
1597 1219 1654 1239 sua

165 1289 230 1309 non
254 1277 404 1309 habuerit
427 1280 619 1319 apparentes
646 1277 688 1308 ad
716 1288 795 1319 quos
812 1277 933 1308 dictum
950 1276 1146 1318 burgagium
1166 1282 1195 1308 ct
1214 1279 1342 1318 pratum
1359 1276 1473 1308 debeat
1486 1277 1537 1308 vel
1552 1277 1652 1318 possit

170 1350 337 1385 revertere,
354 1347 507 1378 concessit
524 1347 629 1378 dictus
643 1346 824 1378 Romanus
834 1346 958 1378 dictum
970 1345 1167 1388 burgagium
1177 1349 1207 1376 et
1219 1348 1349 1387 pratum
1360 1357 1433 1377 cum
1448 1346 1654 1388 pertinenciis

167 1416 232 1448 suis
241 1417 418 1448 tenendum
429 1418 460 1448 et
471 1415 656 1448 habendum
673 1415 757 1448 dicto
775 1415 797 1448 J
800 1426 932 1448 οΗΑΝΝῐ
950 1418 981 1447 et
997 1414 1168 1447 heredibus
1179 1415 1243 1447 suis
1253 1415 1318 1447 sive
1329 1415 1501 1458 assignatis
1510 1416 1545 1447 in
1555 1416 1653 1448 feudo

168 1488 199 1517 et
215 1485 392 1517 hereditate
409 1485 471 1516 nisi
487 1485 543 1516 alii
561 1485 694 1516 heredes
717 1485 862 1527 ejusdem
887 1484 1040 1516 Rosam
1066 1484 1249 1526 quicunque
1273 1484 1393 1516 fuerint
1419 1484 1506 1516 infra
1529 1496 1653 1517 annum

167 1555 332 1597 integrum
348 1556 420 1596 post
441 1554 588 1596 ejusdem
611 1553 767 1586 Rossmm
791 1553 917 1586 obitum
940 1553 1082 1596 plenarie
1099 1553 1294 1595 completum
1310 1554 1469 1596 predictas
1486 1554 1605 1597 viginti
1621 1558 1653 1586 et

168 1624 310 1665 quinque
327 1618 462 1655 'marcas
494 1635 557 1655 una
587 1634 660 1654 cum
691 1624 827 1666 triginta
859 1623 973 1655 marcis
1003 1634 1083 1664 quas
1118 1623 1204 1654 idem
1241 1622 1262 1654 J
1265 1633 1425 1654 ouANNEs
1456 1623 1652 1656 WILLELMo

167 1692 305 1724 MARms
334 1692 428 1724 fratri
456 1692 535 1724 dicti
559 1691 713 1724 Romami
742 1693 784 1724 ad
810 1693 932 1724 dictum
960 1691 1156 1734 burgagium
1184 1694 1215 1723 et
1242 1696 1372 1733 pratum
1401 1692 1651 1734 acquietandum

164 1761 292 1803 pacavit
305 1787 312 1793 .
326 1761 412 1793 dicto
427 1761 449 1793 J
451 1772 586 1793 OHANNI
603 1764 635 1793 et
651 1761 822 1793 heredibus
841 1761 906 1793 suis
927 1761 992 1793 sive
1014 1760 1185 1803 assignatis
1201 1760 1343 1802 plenarie
1359 1761 1570 1802 persolverint
1593 1773 1650 1803 per

165 1830 329 1862 redditum
349 1831 485 1862 duorum
506 1831 682 1863 solidorum
707 1830 897 1873 capitalibus
918 1830 1057 1862 dominis
1079 1830 1250 1861 feudorum
1274 1834 1310 1861 ut
1333 1830 1515 1871 predictum
1542 1834 1589 1862 est
1616 1834 1648 1863 et

166 1899 262 1931 unius
299 1898 380 1931 libre
418 1899 539 1931 cumini
574 1900 693 1932 eisdem
730 1899 902 1932 heredibus
931 1899 1100 1931 annuatim
1131 1898 1366 1930 solvendorum.
1417 1898 1514 1930 Salvo
1538 1902 1647 1931 tamen

164 1968 308 2011 predicto
352 1967 514 1999 Ronmro
543 1969 674 2001 redditu
708 1969 854 2011 superius
899 1969 1016 2010 scripto
1061 1972 1093 2000 et
1142 1968 1237 1999 modo
1286 1967 1429 2009 predicto
1475 1968 1514 2000 de
1562 1969 1646 2000 dicto

162 2037 184 2069 J
186 2047 328 2069 OHANNE
340 2040 373 2068 et
389 2037 561 2069 heredibus
577 2038 642 2069 suis
659 2038 724 2070 sive
742 2037 914 2081 assignatis
929 2037 1098 2069 annuatim
1115 2048 1212 2079 quam
1227 2037 1285 2068 diu
1298 2037 1414 2068 vixerit
1429 2037 1642 2079 percipiendo.

161 2106 207 2138 Et
222 2109 259 2137 ut
275 2105 333 2137 hec
353 2106 525 2138 convencio
546 2106 682 2138 firmiter
703 2106 866 2149 obligetur
889 2109 921 2138 et
943 2107 1070 2149 integre
1095 2106 1173 2137 dicti
1197 2105 1378 2137 Romanus
1403 2110 1435 2137 et
1462 2105 1483 2137 J
1486 2117 1645 2138 OHANNES

162 2174 304 2217 presenti
315 2174 431 2216 scripto
444 2176 486 2206 ad
498 2176 631 2207 modum
649 2175 842 2218 cyrographi
858 2175 1002 2207 confecto
1018 2175 1126 2218 sigilla
1141 2186 1198 2206 sua
1214 2174 1399 2206 alternatim
1415 2178 1642 2217 apposuerunt.

158 2244 237 2276 Hiis
248 2243 383 2276 testibus
396 2269 402 2275 .
415 2244 545 2277 domino
557 2244 753 2277 WILLELMO
769 2245 809 2277 de
824 2244 956 2277 SANCTA
971 2244 1094 2276 ELENA
1109 2247 1187 2276 tuno
1203 2242 1386 2275 vicecomite
1403 2243 1621 2277 GLAMORGAN
1634 2273 1642 2281 .

314 2350 372 2375 211
