1998 2724
352 142 417 173 464

310 311 366 332 sue
381 300 416 331 in
432 299 534 331 boscis
549 300 582 331 et
597 298 735 341 pasturis
751 300 910 340 quantum
926 309 1006 340 opus
1017 297 1190 330 habuerint
1204 299 1246 330 ad
1261 309 1357 330 usum
1372 298 1509 341 grangie
1525 309 1580 330 sue
1604 298 1644 330 de
1669 296 1786 329 ΒΑΜ)-

311 367 509 411 ΜΕΕΤΗῌΝ]
548 394 554 400 .
587 370 619 400 et
642 368 682 399 ad
706 367 868 409 equicium
889 378 993 400 suum.
1052 367 1098 399 Et
1125 367 1277 410 quicquid
1304 367 1426 400 habent
1452 379 1491 400 ex
1522 368 1607 399 dono
1634 367 1787 399 Romarm

310 438 446 471 SAMSON
465 463 471 469 .
490 438 522 469 in
541 437 634 469 feodo
650 436 761 469 Sancti
777 436 962 469 Nxcnonu.
1010 436 1056 469 Et
1071 438 1224 480 quicquid
1240 437 1360 470 habent
1376 448 1417 469 ex
1429 438 1513 469 dono
1525 436 1736 480 burgensium
1748 437 1788 468 de

311 508 475 540 KAERmF
493 533 499 539 .
517 507 568 539 vel
584 506 759 538 liberorum
774 506 944 538 hominum
960 507 994 538 in
1012 507 1123 539 eadem
1134 507 1212 539 villa
1234 507 1285 539 vel
1309 510 1399 538 extra
1424 532 1430 538 .
1456 506 1506 538 vel
1530 507 1617 548 apud
1639 505 1787 538 LYSTEL-

312 577 399 608 Box'.
446 576 492 609 Et
508 575 660 618 quiequid
684 575 804 607 habent
828 586 867 606 ex
891 575 975 607 dono
1000 574 1173 607 Nmnorm
1200 575 1306 607 Pomz
1331 601 1337 608 .
1363 579 1395 608 et
1417 575 1592 608 liberorum
1617 574 1788 607 hominum

311 658 441 679 suorum
464 646 498 677 in
529 645 673 677 manerio
705 645 744 676 de
777 644 983 676 TOKYNTUN'
1011 656 1084 676 cum
1115 644 1263 677 omnibus
1287 645 1491 687 pertinentiis
1517 644 1592 677 suis.
1640 643 1790 676 Preterea

311 715 449 748 concessi
464 715 558 747 dictis
574 714 740 746 monachis
755 725 866 746 omnes
882 714 1122 746 emendationes
1137 717 1169 746 et
1184 714 1420 746 meliorationes
1436 725 1515 756 quas
1530 714 1635 746 facere
1657 715 1791 755 possunt

307 785 342 817 in
363 785 457 817 feodo
481 785 567 826 quod
590 785 630 816 de
653 795 704 816 me
727 786 840 815 tenent
865 809 871 815 .
898 782 997 815 libere
1019 788 1050 815 ct
1072 784 1140 816 sine
1162 784 1331 816 vexatione
1354 784 1475 815 faciant
1499 809 1505 815 .
1529 782 1638 818 Quare
1660 782 1732 814 volo
1756 785 1789 814 et

307 853 442 886 firmiter
472 853 613 896 precipio
643 856 681 884 ut
704 852 840 895 predicti
863 852 1013 884 monachi
1037 852 1177 884 habeant
1201 856 1232 884 et
1256 856 1388 884 teneant
1410 852 1468 884 hec
1492 852 1601 884 omnia
1634 850 1733 883 libere
1756 854 1789 883 ά

305 924 413 966 quiete
438 949 443 955 .
470 923 595 965 integre
619 924 651 955 et
674 922 817 964 plenarie
843 947 848 953 .
875 921 909 953 in
933 921 1025 954 bosco
1043 924 1074 954 et
1100 922 1196 964 plano
1220 947 1225 953 .
1255 922 1289 953 in
1307 922 1367 954 viis
1382 923 1414 954 et
1431 921 1553 953 semitis
1570 946 1577 952 .
1596 921 1631 952 in
1647 920 1738 962 aquis
1755 923 1787 952 et

306 992 500 1025 molendinis
518 1018 523 1024 .
542 992 576 1023 in
593 991 723 1023 vivariis
740 995 771 1023 et
787 991 912 1034 stagnis
929 1017 936 1023 .
953 991 988 1023 in
1004 991 1102 1023 moris
1117 994 1149 1023 et
1166 991 1308 1023 mariscis
1325 1016 1330 1022 .
1349 991 1383 1022 in
1399 990 1551 1023 turbariis
1567 992 1599 1022 et
1621 989 1763 1032 piscariis
1781 1016 1787 1022 .

305 1062 339 1095 in
355 1062 456 1105 pratis
472 1064 504 1093 et
519 1061 659 1103 pasturis
676 1087 682 1093 .
701 1064 731 1092 et
748 1061 781 1092 in
799 1060 948 1093 omnibus
965 1060 1036 1092 aliis
1051 1060 1128 1092 locis
1144 1063 1176 1092 et
1191 1059 1285 1092 rebus
1312 1071 1385 1092 cum
1410 1059 1559 1092 omnibus
1585 1058 1790 1092 libertatibus

301 1135 335 1164 et
349 1131 459 1164 liberis
476 1129 762 1163 consuetudinibus
778 1129 852 1162 suis.

349 1200 499 1233 Ooncessi
523 1201 654 1242 insuper
677 1202 709 1232 et
732 1199 919 1232 confirmavi
942 1199 1093 1241 predictis
1127 1198 1293 1231 monachis
1316 1199 1402 1241 quod
1426 1198 1610 1241 ubicunque
1633 1201 1734 1230 terras
1756 1200 1789 1230 et

304 1271 514 1313 possessiones
530 1271 570 1302 de
586 1269 680 1301 feodo
697 1281 768 1301 meo
783 1269 905 1301 habent
921 1269 971 1300 vel
988 1267 1154 1300 habebunt
1169 1269 1209 1300 de
1224 1268 1312 1300 omni
1329 1268 1445 1310 placito
1469 1270 1501 1300 et
1519 1267 1682 1300 forisfacto
1703 1268 1789 1310 quod

304 1341 338 1372 in
354 1340 447 1372 terris
464 1350 574 1371 eorum
590 1339 733 1371 evenerit
750 1365 755 1370 .
775 1350 867 1370 suam
882 1337 1023 1370 habeant
1039 1337 1160 1370 curiam
1176 1337 1238 1369 nisi
1262 1338 1302 1369 de
1319 1338 1448 1370 felonia.
1496 1337 1541 1369 Et
1565 1337 1591 1369 si
1616 1337 1732 1379 aliquis
1747 1337 1787 1369 de

305 1409 491 1442 tenentibus
506 1409 650 1451 ipsorum
666 1420 722 1450 per
737 1408 893 1440 feloniam
909 1407 1010 1439 vitam
1026 1406 1218 1439 forisfecerit
1239 1433 1246 1438 .
1267 1410 1353 1439 terra
1376 1409 1408 1439 et
1432 1407 1550 1439 catalla
1572 1407 1640 1439 sine
1664 1408 1789 1438 contra-

303 1479 444 1511 dictione
475 1478 638 1510 monacln's
668 1480 856 1510 remaneant
888 1478 1047 1518 quantum
1077 1477 1119 1508 ad
1152 1486 1203 1508 me
1234 1478 1266 1508 et
1297 1477 1338 1508 ad
1364 1476 1496 1508 heredes
1524 1487 1611 1508 meos
1637 1475 1786 1518 pertinet.

304 1548 426 1580 Omnes
447 1547 545 1579 etiam
564 1546 774 1589 possessiones
795 1550 828 1578 et
848 1546 1013 1579 libertates
1036 1547 1164 1579 ecclesie
1190 1545 1306 1578 Sancte
1330 1544 1451 1576 MAmE
1473 1545 1514 1577 de
1533 1544 1688 1576 MARGAN
1708 1543 1790 1576 sicut

304 1629 357 1650 eas
374 1628 451 1659 pure
467 1627 524 1658 pro
543 1627 650 1648 amore
673 1615 736 1647 Dei
762 1616 899 1648 concessi
923 1620 955 1647 et
976 1616 1164 1648 confirmavi
1181 1640 1188 1647 .
1207 1614 1379 1647 heredibus
1402 1615 1482 1646 meis
1503 1616 1535 1646 et
1558 1613 1790 1646 successoribus

310 1686 542 1719 conservandas
564 1688 597 1717 et
619 1686 876 1717 manutenendae
901 1697 995 1718 causa
1014 1685 1077 1717 Dei
1097 1684 1328 1717 commendavi.
1393 1683 1467 1716 Hec
1483 1686 1591 1716 autem
1608 1683 1716 1715 omnia
1731 1693 1791 1726 ego

311 1758 342 1788 et
358 1755 491 1788 heredes
506 1754 569 1786 mei
586 1754 680 1786 dictis
690 1754 855 1786 monachis
871 1758 981 1787 contra
997 1765 1106 1786 omnes
1118 1754 1270 1786 mortales
1279 1753 1569 1785 warantizabimus.
1617 1752 1668 1785 Ut
1683 1754 1792 1784 autem

310 1836 382 1857 mea
399 1823 555 1856 concessio
572 1826 604 1855 et
620 1824 819 1855 confirmatio
836 1828 989 1866 perpetue
1012 1823 1198 1855 stabilitatis
1213 1822 1310 1854 robur
1333 1822 1501 1864 optineant
1520 1847 1525 1853 .
1543 1832 1672 1863 presens
1695 1821 1791 1864 scrip-

311 1898 382 1928 tum
405 1893 504 1936 sigilli
527 1893 591 1924 mei
615 1893 814 1934 appositione
845 1893 1001 1925 roboravi.
1061 1892 1138 1925 Hiis
1165 1891 1300 1924 testibus
1326 1918 1332 1923 .
1360 1891 1523 1923 Pumcxo
1548 1891 1588 1922 de
1613 1889 1755 1922 Culmus
1783 1914 1792 1924 .

311 1963 454 1996 Romano
477 1963 517 1994 de
542 1961 685 1994 SUMERY
711 1988 717 1993 .
743 1962 924 1994 annomo
948 1961 1055 1994 Pomz
1079 1979 1086 1994 ι
1114 1961 1293 1994 GALFfflno
1316 1962 1356 1993 de
1378 1961 1567 1993 FANUCURT
1583 1986 1590 1992 .
1609 1959 1793 1992 STEPHANO

312 2034 477 2066 Emeum
496 2058 502 2063 .
521 2031 688 2064 mommo
704 2032 743 2063 de
760 2031 956 2064 BauanMP
975 2057 980 2063 .
999 2031 1021 2064 J
1023 2042 1166 2063 oHANNn
1185 2031 1217 2062 la
1233 2030 1347 2063 WARE
1365 2056 1371 2062 .
1390 2029 1567 2063 WALTERO
1590 2030 1629 2061 de
1653 2028 1767 2061 Sum
1784 2053 1791 2061 .

315 2102 535 2135 Gnfflmmwm
551 2101 591 2133 de
608 2100 870 2132 Ummmvum
889 2127 895 2133 .
912 2101 934 2133 J
937 2112 1079 2133 OHANNE
1096 2101 1135 2132 de
1152 2100 1291 2132 REme'
1309 2125 1315 2131 .
1334 2100 1412 2131 ADA
1429 2098 1628 2131 Wlmmsx.

359 2171 432 2203 Scal
457 2170 613 2213 wanting,
639 2170 814 2212 originally
838 2171 1007 2212 appended
1030 2169 1074 2212 by
1099 2181 1117 2201 a
1141 2169 1245 2201 round
1268 2168 1388 2201 bobbin
1413 2168 1447 2200 of
1471 2179 1570 2211 green
1594 2167 1655 2199 silk
1679 2169 1795 2209 strung

314 2239 456 2282 through
472 2239 563 2271 holes
579 2239 613 2271 in
628 2239 683 2271 the
700 2239 828 2271 vellum.
