1998 2724
386 168 450 200 644

1022 480 1150 514 DOIX.

343 561 506 594 GRANT
538 562 603 595 BY
633 561 828 595 THOMAS
860 562 1097 595 GRAMMUS
1133 563 1191 596 ΤΟ
1224 563 1305 596 HIS
1336 564 1565 597 BROTHER
1595 563 1817 597 MAURIGE

638 631 874 664 GRAMMUS
914 631 973 664 OF
1011 631 1144 665 LAND
1182 632 1245 665 AT
1284 633 1521 665 GOYLAKE.

805 713 936 756 [HARL.
966 714 1143 754 ΟΗΑΒΤΕΒ,
1172 715 1213 747 75
1239 714 1273 747 O.
1303 715 1371 758 12.]
1547 715 1651 747 Cium
1680 715 1771 747 1261.

384 795 495 828 Sciant
515 798 676 838 presentes
697 798 730 828 et
750 796 853 827 futuri
876 823 881 827 .
904 797 991 838 quod
1014 807 1074 839 ego
1090 796 1234 829 Tnoms
1258 796 1431 829 GRAMMUS
1449 824 1454 829 .
1473 797 1604 829 consilio
1631 801 1663 829 et
1686 808 1817 829 assensu

340 864 452 897 Ysom
470 865 578 897 uxoris
593 876 663 897 mee
681 891 687 897 .
705 868 737 897 et
752 865 907 897 heredum
923 877 1068 898 meormn
1085 891 1091 898 .
1109 866 1184 898 dedi
1203 868 1234 898 et
1254 867 1391 898 concessi
1408 892 1413 898 .
1432 869 1463 898 et
1486 866 1546 898 hac
1570 866 1709 908 presenti
1730 868 1818 898 carta

340 945 411 966 mea
437 935 623 966 confirmavi
650 934 827 967 MAURwlo
859 934 1033 967 GRAMMUS
1063 935 1157 967 fratri
1181 946 1252 967 meo
1278 961 1284 967 .
1311 938 1448 978 quatuor
1475 947 1562 967 acras
1589 938 1621 967 et
1647 935 1817 967 dimidiam

339 1005 422 1036 terre
445 1003 575 1036 arabilis
600 1030 606 1035 .
631 1015 769 1046 quarum
792 1005 855 1036 due
877 1004 987 1047 jacent
1008 1004 1105 1047 juxta
1126 1007 1245 1037 terram
1269 1004 1424 1037 HENmm
1449 1005 1592 1037 BARET.
1613 1006 1647 1037 in
1667 1004 1817 1037 orientali

340 1076 431 1116 parte
448 1100 454 1105 .
473 1076 505 1105 et
520 1075 582 1106 due
598 1073 706 1116 jacent
721 1074 816 1116 juxta
836 1077 954 1106 terram
976 1074 1139 1106 HUGOle
1161 1074 1183 1107 J
1187 1085 1311 1106 UVENIS
1329 1101 1334 1106 .
1352 1075 1386 1106 in
1410 1075 1600 1106 occidentali
1624 1078 1724 1117 parte.
1771 1074 1818 1106 Et

340 1142 395 1174 ille
411 1143 474 1175 due
491 1154 522 1174 se
538 1143 717 1175 extendunt
735 1155 753 1174 a
769 1155 889 1185 magna
904 1143 957 1175 via
973 1155 1072 1186 usque
1093 1144 1135 1175 ad
1154 1143 1329 1176 GOYLAKE.
1377 1143 1524 1176 Dimidia
1547 1155 1621 1175 vero
1643 1155 1715 1176 acra
1734 1143 1822 1185 jacet

340 1212 425 1245 inter
452 1215 571 1244 terram
598 1213 827 1244 monachorum
853 1213 892 1244 ‹le
917 1213 1072 1245 MARGAN
1101 1239 1106 1245 .
1134 1224 1231 1255 quam
1261 1213 1446 1245 habuerunt
1471 1225 1510 1245 ex
1541 1213 1625 1245 dono
1657 1213 1820 1245 Hneoms

342 1281 516 1314 GRAMMUS
541 1284 573 1314 et
593 1284 712 1314 terram
735 1281 862 1314 ΤΗΟΜΕ
889 1281 1061 1315 GRAMMUS
1082 1309 1087 1314 .
1109 1282 1143 1314 in
1163 1282 1299 1325 longum
1323 1294 1432 1315 versus
1453 1282 1611 1315 GOILAKE
1638 1308 1643 1314 .
1664 1283 1822 1315 tenendas

342 1354 374 1383 et
397 1351 561 1383 habendas
584 1351 643 1383 sibi
664 1354 696 1383 et
714 1351 884 1383 heredibus
908 1352 973 1384 suis
996 1378 1001 1383 .
1023 1352 1062 1383 de
1085 1363 1137 1383 me
1156 1354 1188 1384 et
1205 1351 1376 1384 heredibus
1391 1352 1471 1384 meis
1488 1378 1493 1383 .
1513 1351 1612 1384 libere
1630 1377 1636 1383 .
1654 1353 1686 1383 et
1702 1351 1818 1394 quiete.

343 1420 522 1452 Reddendo
545 1421 620 1452 inde
640 1421 809 1452 annuatim
825 1420 905 1452 mihi
929 1425 961 1453 et
976 1421 1147 1453 heredibus
1162 1421 1241 1453 meis
1264 1446 1270 1452 .
1287 1421 1355 1463 ipse
1378 1423 1409 1452 et
1430 1421 1562 1453 heredes
1584 1421 1632 1453 sui
1653 1447 1659 1452 .
1681 1422 1819 1463 quatuor

345 1490 491 1521 denarios
513 1491 553 1521 ad
570 1489 722 1531 Ockeday
742 1516 746 1520 .
765 1501 822 1532 pro
839 1491 926 1521 omni
943 1490 1071 1522 servitio
1088 1492 1119 1522 et
1136 1490 1269 1522 seculari
1286 1490 1450 1522 exactione
1469 1516 1474 1521 .
1493 1494 1524 1522 et
1541 1490 1709 1522 demanda.
1757 1489 1822 1522 Pro

346 1558 406 1590 hac
430 1570 502 1590 vero
524 1559 697 1591 donatione
713 1562 743 1590 et
762 1559 960 1592 concessione
976 1570 1048 1591 mea
1065 1586 1071 1591 .
1089 1559 1250 1602 predictus
1271 1559 1468 1591 MAumcms
1489 1559 1570 1590 mihi
1590 1559 1717 1601 pacavit
1734 1585 1740 1590 .
1758 1561 1822 1591 tres

347 1639 468 1660 marcas
484 1628 611 1670 argenti
629 1654 634 1659 .
653 1630 684 1660 et
701 1629 875 1660 octodecim
892 1629 1047 1661 denarios.
1095 1628 1169 1671 Ego
1185 1639 1259 1660 vero
1281 1628 1425 1660 'Paomis
1448 1628 1621 1661 Gmmmcs
1640 1630 1672 1660 et
1692 1628 1823 1660 heredes

348 1697 411 1728 mei
429 1723 435 1729 .
453 1697 595 1739 predicto
612 1697 788 1729 ΜΑυιῑιυιο
806 1697 979 1729 GRAMMUS
995 1700 1026 1729 et
1045 1697 1216 1729 heredibus
1238 1698 1303 1729 suis
1321 1723 1326 1728 .
1345 1697 1504 1739 predictas
1523 1700 1661 1740 quatuor
1682 1708 1771 1729 acras
1791 1699 1824 1729 et

349 1766 519 1798 dimidiam
536 1792 543 1798 .
561 1769 671 1798 contra
687 1778 796 1798 omnes
812 1767 962 1799 mortales
978 1766 1255 1799 warentizabimus
1279 1767 1312 1798 iu
1329 1770 1528 1808 perpetuum.
1578 1765 1626 1798 Ut
1642 1768 1751 1798 autem
1767 1765 1825 1798 heo

349 1835 481 1867 donatio
500 1846 571 1867 mea
592 1838 624 1867 et
645 1836 801 1867 concessio
823 1861 827 1866 .
853 1840 919 1867 rata
940 1840 971 1867 et
995 1835 1117 1868 stabilis
1139 1836 1366 1877 inperpetuum
1385 1838 1563 1877 perseveret
1586 1860 1592 1866 .
1616 1835 1676 1867 hoo
1695 1845 1823 1877 presens

349 1905 504 1946 scriptum
529 1905 628 1947 sigilli
655 1905 717 1936 mei
742 1905 948 1945 impressione
973 1905 1127 1936 roboravi.
1187 1904 1252 1936 His
1277 1904 1420 1936 testibus.
1477 1903 1654 1936 WALTERO
1677 1903 1800 1936 LUUEL
1817 1929 1824 1936 .

350 1973 492 2006 Roonno
523 1973 696 2006 GRAMMUS
721 2000 726 2005 .
754 1973 949 2006 Wnimsmuo
972 1975 1012 2005 de
1043 1974 1204 2005 Comma
1230 2000 1235 2005 .
1262 1973 1458 2006 Wuafflmio
1483 1973 1572 2005 001,ss
1598 1999 1603 2004 .
1630 1972 1826 2006 W1121AELM0

349 2042 589 2075 FRANKELEYN
608 2068 614 2074 .
634 2043 786 2075 HUGONE
803 2043 969 2076 WMAENffl
988 2069 994 2075 .
1014 2043 1184 2075 Pmmppo
1203 2069 1208 2075 .
1226 2043 1341 2075 DAvm
1358 2066 1364 2072 .
1383 2046 1415 2075 et
1430 2043 1542 2075 multis
1558 2043 1638 2074 aliis.

393 2111 615 2144 Enclorsed—‘
628 2111 725 2144 Carta
742 2112 889 2144 Mauricii
909 2112 1047 2145 Gramus
1063 2113 1102 2145 de
1119 2115 1256 2155 quatuor
1273 2113 1352 2145 acris
1368 2116 1450 2144 terre
1466 2115 1498 2144 et
1514 2111 1670 2144 dimidia.q
