1998 2724
390 185 452 216 708

1020 455 1141 487 DGLI.

340 539 480 571 ADAM
511 538 773 571 PANCHOUT
805 536 991 569 GRANTS
1034 536 1167 569 LAND
1205 537 1260 569 IN
1291 537 1389 569 THE
1428 537 1521 570 FEE
1559 537 1619 570 OF
1657 536 1818 570 DINAS-

668 606 784 639 POYS
823 606 881 639 ΤΟ
921 605 1143 638 WILLIAM
1181 605 1245 637 DE
1285 606 1495 639 RENGNY.

839 688 944 731 [Anu.
971 687 1148 726 ΟΗΑΒΤΕΒ,
1172 687 1320 731 24,253.]
1695 688 1772 721 SD.

382 772 493 804 Sciant
508 773 671 814 presentes
687 774 718 802 et
739 770 843 802 futuri
864 771 950 811 quod
970 781 1030 812 ego
1054 770 1160 801 ADAM
1183 769 1370 802 PANCHOUT
1393 770 1468 802 dedi
1490 772 1522 802 et
1544 770 1682 802 concessi
1704 773 1735 802 et
1756 770 1817 802 hac

335 841 476 884 presenti
492 844 579 872 carta
594 851 666 872 mea
682 839 867 872 confirmavi
884 838 1081 871 WILLELMO
1100 839 1140 870 de
1157 838 1307 870 RENGNY
1323 844 1461 881 quatuor
1477 851 1565 871 acras
1581 842 1664 871 terre·
1687 839 1816 871 arabilis

335 911 374 942 de
396 912 580 942 tenemento
602 920 673 941 meo
693 909 727 940 in
751 909 845 940 feodo
862 909 901 940 de
921 907 1114 940 Dxmspovs
1140 908 1222 940 sicut
1242 907 1350 950 jacent
1372 908 1407 940 in
1428 920 1493 940 una
1518 909 1644 940 cultura
1667 908 1816 941 videlicet

333 980 419 1012 inter
434 979 520 1011 viam
535 978 677 1021 regalem
693 990 756 1020 qua
772 978 838 1010 itur
854 989 872 1009 a
888 977 1081 1009 DmAspoYs
1102 988 1211 1009 versus
1230 977 1347 1010 GOGAN
1364 979 1396 1009 et
1411 980 1530 1010 terram
1555 979 1633 1010 tunc
1652 978 1730 1010 Ans
1755 977 1814 1010 filii

332 1049 447 1081 YSAAc
471 1048 547 1081 VOT
572 1059 710 1090 quarum
737 1058 839 1079 unum
867 1047 971 1089 capud
995 1047 1102 1079 tendit
1131 1058 1164 1078 se
1189 1047 1230 1078 ad
1261 1049 1390 1089 pratum
1416 1049 1494 1079 tunc
1518 1047 1653 1089 predicti
1678 1047 1756 1078 Ans
1782 1050 1814 1079 et

331 1119 469 1150 alterum
486 1118 589 1159 capud
606 1118 647 1148 ad
662 1119 815 1148 montem.
864 1116 1036 1148 Tenendas
1052 1118 1083 1148 et
1101 1115 1265 1148 habendas
1281 1116 1320 1148 de
1336 1127 1386 1148 me
1406 1118 1437 1148 et
1457 1115 1627 1148 heredibus
1647 1115 1727 1148 meis
1751 1115 1813 1148 sibi

330 1191 361 1220 et
386 1187 557 1219 heredibus
588 1187 653 1219 suis
683 1186 734 1218 vel
765 1185 937 1228 assignatis
967 1184 1067 1217 libere
1098 1185 1205 1227 quiete
1236 1185 1365 1226 pacifice
1394 1184 1521 1227 integre
1546 1187 1578 1216 et
1608 1185 1810 1224 hereditarie.

330 1256 510 1289 Reddendo
527 1256 602 1287 inde
618 1255 788 1287 annuatim
804 1254 902 1286 michi
920 1256 952 1286 et
967 1253 1139 1286 heredibus
1156 1254 1235 1286 meis
1250 1254 1317 1296 ipse
1334 1256 1367 1286 et
1381 1253 1513 1286 heredes
1525 1253 1575 1286 sui
1587 1254 1639 1285 vel
1654 1253 1810 1296 assignati

328 1327 377 1358 sui
394 1326 511 1358 scilicet
528 1336 630 1357 unum
645 1325 814 1357 denarium
831 1324 865 1355 in
882 1323 964 1356 festo
979 1323 1065 1356 beati
1081 1323 1279 1355 Mmufflms
1292 1334 1349 1365 pro
1362 1323 1511 1355 omnibus
1523 1323 1662 1356 serviciis
1674 1324 1812 1366 querelis

329 1394 615 1427 consuetudinibus
628 1393 721 1426 sectis
733 1393 894 1425 curiarum
904 1396 936 1425 et
952 1393 1120 1424 domandis
1134 1392 1336 1425 secularibus.
1373 1392 1437 1424 Pro
1447 1392 1509 1424 hiis
1519 1395 1628 1425 autem
1639 1393 1813 1425 donatione

329 1463 528 1496 concessione
545 1466 577 1495 et
593 1462 692 1505 sigilli
708 1462 771 1494 mei
795 1461 1036 1494 confirmatione
1057 1461 1148 1493 dedit
1169 1461 1250 1493 mihi
1271 1461 1432 1503 predictus
1453 1461 1670 1494 WILLELMUS
1691 1461 1810 1504 viginti

328 1533 446 1564 solidos
461 1534 493 1564 et
510 1543 564 1564 sex
581 1531 728 1563 denarios
744 1531 778 1562 in
800 1530 1032 1573 recognicione.
1080 1530 1153 1573 Ego
1175 1541 1249 1562 vero
1267 1530 1430 1572 predictus
1452 1529 1559 1562 ADAM
1579 1529 1764 1562 Pmcnoor
1780 1533 1812 1562 et

329 1601 461 1633 heredes
487 1600 551 1632 mei
578 1600 720 1642 predicto
749 1599 944 1632 WILLELMO
971 1600 1010 1631 de
1038 1599 1188 1631 RENGNY
1216 1601 1248 1631 et
1274 1598 1446 1631 heredibus
1472 1599 1537 1631 suis
1565 1600 1615 1631 vel
1641 1599 1813 1641 assignatis

329 1671 394 1703 suis
412 1670 651 1712 prenominatas
675 1671 813 1711 quatuor
835 1680 922 1700 acras
944 1670 1054 1700 centra
1076 1679 1186 1700 omnes
1207 1668 1353 1700 homines
1374 1670 1404 1699 et
1425 1668 1563 1700 feminas
1583 1668 1811 1710 inperpetuum

329 1738 607 1772 warentizabimus
638 1740 670 1769 et
698 1738 917 1770 defendemus.
964 1737 1010 1769 Et
1037 1740 1073 1769 ut
1103 1748 1175 1769 mea
1204 1737 1337 1769 donacio
1368 1737 1525 1768 concessio
1557 1739 1589 1769 et
1619 1736 1719 1779 sigilli
1749 1736 1813 1769 mei

328 1808 530 1841 confirmacio
546 1812 614 1839 rate
634 1810 665 1838 et
681 1807 810 1838 stabiles
825 1810 1036 1848 permaneant
1052 1806 1134 1838 hanc
1151 1809 1330 1848 presentem
1350 1808 1470 1837 cartam
1487 1806 1586 1848 sigilli
1601 1806 1809 1848 impressione

329 1877 485 1910 roboravi.
534 1876 610 1908 Hiis
627 1875 761 1908 testibus
779 1900 785 1906 .
803 1876 933 1907 domino
952 1875 1113 1907 Rosam>
1130 1876 1169 1907 de
1186 1874 1354 1917 SOMERD]
1377 1901 1382 1906 .
1402 1874 1597 1907 WILLELMO
1613 1876 1652 1907 de
1669 1875 1783 1907 BARRI
1804 1900 1814 1907 .

332 1947 494 1979 Hssmuco
517 1946 556 1977 de
581 1944 848 1988 C12‹›wc[sssrma]
882 1971 886 1976 .
917 1945 1094 1978 XVALTERO
1125 1946 1165 1976 de
1196 1944 1346 1976 Ramm-
1378 1970 1384 1976 .
1408 1945 1515 1976 ADAM
1543 1944 1609 1976 fflio
1641 1944 1811 1976 DANIELIS

334 2015 465 2059 [Bmvr]
486 2041 491 2046 .
510 2014 616 2046 ADAM
634 2014 700 2045 filio
716 2014 830 2045 Yssmc
846 2013 918 2046 Vor
936 2040 941 2046 .
961 2014 1050 2046 Em
1066 2015 1106 2046 de
1123 2013 1252 2045 SANcro
1269 2013 1456 2046 Mmumzm
1474 2016 1506 2045 et
1521 2013 1633 2045 multis
1649 2013 1729 2045 aliis.

377 2084 479 2117 Small
494 2084 597 2115 round
615 2083 691 2121 seal‚
708 2094 805 2124 green
823 2095 915 2114 wax:
940 2095 981 2115 an
999 2083 1201 2115 ornamental
1216 2082 1418 2115 fleur-de-lis.

860 2155 867 2169 ‘
888 2157 918 2188 -l-
940 2152 965 2183 ς’
984 2163 1049 2184 Ans
1069 2178 1074 2183 .
1093 2152 1292 2184 PANCHOLF.'
