1998 2724
356 159 419 190 684

954 370 1152 404 DCXXXI.

309 454 570 488 MORTGAGE
631 454 694 486 ΟΒ
761 452 1153 486 IMPIGNORATION
1216 452 1281 485 BY
1341 452 1520 491 PHILIP,
1581 451 1669 484 SON
1730 450 1790 483 OF

420 523 609 556 ROBERT
669 522 877 561 PALMER,
934 522 1036 554 AND
1096 520 1340 554 AMABILIA
1398 520 1479 553 HIS
1538 520 1676 559 WIFE,
1731 520 1789 553 TO

419 592 639 629 MARGAM.
679 592 739 625 OF
776 591 909 624 LAND
941 591 995 624 IN
1034 590 1221 623 KENFIG
1259 590 1439 629 MANOR,
1472 589 1565 622 FOR
1603 589 1791 622 THIRTY

418 662 585 695 YEARS.

854 704 1029 747 [MARGAM
1053 703 1249 747 CHARTER]

963 786 1039 819 ΑΜ,
1063 785 1196 818 8ΑΙΝΤ5’
1220 786 1319 825 Du...
1358 786 1375 817 1
1393 785 1600 817 NOVEMBER.
1651 785 1744 816 1:266.

352 871 511 904 Omnibus
528 870 671 903 szxsrl
687 869 836 902 fidelibus
851 880 980 911 presens
998 868 1152 910 scriptum
1168 879 1197 899 v.
1215 867 1265 898 vel
1281 878 1308 898 a.
1324 867 1516 898 Pmmppns
1533 866 1618 898 filius
1634 865 1790 898 Romaim

308 942 468 974 PALMERI
486 944 516 972 et
533 941 713 972 AMABILIA
730 951 811 972 uxor
826 939 898 981 ejus
913 941 1057 970 eternam
1075 937 1109 968 in
1125 936 1267 969 Domino
1283 936 1430 968 salu‘tem.

352 1011 488 1044 Noverit
504 1010 696 1042 universitas
708 1012 813 1042 vestra
826 1020 883 1040 nos
898 1019 956 1050 pro
972 1007 1102 1050 magnis
1117 1006 1358 1038 necessitatibus
1375 1006 1491 1038 nostris
1506 1005 1756 1048 impignorasse.
1784 1030 1791 1036 .

307 1094 333 1114 a.
353 1084 384 1113 et
401 1092 425 1113 e.
438 1091 481 1112 m.
496 1081 535 1112 de
551 1079 704 1111 MARGAN
720 1080 784 1110 ‘tres
794 1088 881 1109 aeras
898 1079 929 1108 et
946 1076 1115 1108 dimidiam
1131 1077 1214 1107 ten-e
1231 1074 1359 1107 arabilis
1377 1085 1449 1106 cum
1467 1073 1616 1106 omnibus
1632 1072 1793 1105 fructibus

307 1152 382 1184 inde
398 1148 660 1193 provenientibus
676 1151 708 1180 et
726 1146 933 1190 pertinenciis
954 1145 1019 1178 suis
1037 1171 1043 1176 .
1061 1156 1140 1188 quas
1163 1144 1335 1176 habuimus
1351 1144 1385 1175 in
1401 1144 1544 1175 manerio
1560 1143 1599 1175 de
1616 1142 1765 1175 KENFEG
1785 1167 1791 1174 .

306 1232 364 1264 pro
380 1221 489 1253 decem
503 1219 618 1251 mareis
631 1217 860 1260 sterlingorum
877 1226 957 1258 quas
973 1214 1014 1247 ab
1031 1215 1075 1247 eis
1090 1225 1146 1257 pre
1161 1213 1311 1246 manibus
1327 1213 1505 1256 accepimus
1521 1212 1663 1255 plenarie
1678 1223 1791 1244 nume-

307 1293 393 1323 ratas
410 1316 415 1321 .
434 1289 553 1322 seilioeb
568 1290 670 1320 totam
685 1290 804 1319 terram
820 1286 910 1317 issam
926 1295 1025 1326 quarn
1047 1283 1187 1316 OscrLrA
1211 1283 1278 1314 filia
1297 1283 1507 1315 ALEXANDRI
1531 1282 1621 1314 dedjt
1643 1281 1736 1314 nobis
1758 1281 1793 1313 in

308 1360 446 1392 liberum
458 1358 669 1400 inaritagium
686 1382 692 1389 .
711 1359 743 1388 et
757 1356 843 1399 jacet
859 1355 899 1388 ab
916 1354 1066 1387 orientali
1081 1355 1172 1396 parte
1184 1352 1260 1384 ville
1273 1352 1312 1383 de
1325 1351 1495 1383 KENEFEG
1517 1377 1522 1382 .
1540 1351 1574 1383 in
1591 1351 1716 1382 cultura
1732 1361 1795 1392 que

310 1429 491 1472 appellatur
506 1427 690 1459 PonTLoNn
708 1452 714 1458 .
732 1425 828 1467 juxta
844 1435 964 1457 novum
984 1424 1142 1456 fossatum
1159 1449 1165 1455 .
1183 1422 1304 1454 habens
1321 1434 1359 1454 ex
1376 1421 1464 1453 omni
1479 1423 1570 1464 parte
1586 1423 1705 1453 ‘terram
1720 1431 1791 1462 pre-

311 1500 468 1530 dictorum
492 1495 732 1528 monachorum.
789 1494 981 1526 Tenendum
1003 1496 1034 1525 et
1059 1492 1245 1524 habendum
1270 1502 1371 1533 usque
1392 1491 1433 1522 ad
1456 1491 1633 1522 terminum
1657 1490 1795 1532 triginta

310 1578 469 1600 annorum
493 1566 638 1608 proxime
663 1564 866 1607 sequentium
888 1565 920 1595 et
945 1563 1071 1605 integre
1097 1561 1368 1604 complendorum.
1425 1559 1480 1592 Ita
1506 1562 1616 1592 tamen
1648 1560 1735 1602 quod
1765 1559 1792 1592 si

311 1638 347 1670 in
371 1637 435 1669 fine
455 1636 615 1668 dictorum
635 1634 772 1677 triginta
795 1643 953 1665 annorum
979 1642 1037 1664 nos
1058 1631 1111 1664 vel
1129 1630 1246 1672 aliquis
1265 1629 1420 1662 heredum
1435 1631 1619 1662 nostrorum
1633 1628 1793 1671 predictas

314 1708 423 1740 decem
449 1715 572 1738 marcas
595 1703 731 1746 prefatis
760 1729 765 1734 .
794 1728 800 1734 .
823 1713 851 1734 a.
881 1703 913 1733 et
936 1713 959 1733 c.
986 1699 1231 1743 persolverimus
1249 1725 1255 1731 .
1274 1698 1368 1731 liceat
1393 1698 1423 1731 ei
1450 1698 1507 1741 qui
1530 1708 1583 1730 eas
1608 1697 1797 1741 persolverit

314 1777 525 1809 memoratam
550 1776 670 1806 terram
695 1771 847 1804 rehabere
872 1772 903 1803 et
929 1769 1029 1802 libere
1053 1768 1224 1812 percipere.
1283 1767 1423 1800 Fructus
1453 1768 1563 1800 autem
1589 1767 1629 1799 de
1652 1766 1797 1809 predicta

314 1849 400 1879 terra
426 1843 649 1887 provenientes
673 1842 821 1874 volumus
848 1843 879 1872 et
906 1838 1109 1872 concedimus
1133 1838 1220 1880 quod
1244 1837 1279 1869 in
1310 1847 1386 1869 usus
1412 1836 1628 1878 predictorum
1649 1847 1678 1868 a.
1710 1837 1742 1868 et
1768 1846 1795 1868 c.

316 1915 459 1948 totaliter
475 1913 590 1945 cedant
605 1922 706 1954 usque
723 1911 764 1942 ad
782 1910 879 1942 finem
900 1909 1118 1952 predictorum
1138 1906 1277 1950 triginta
1295 1916 1454 1938 annorum
1471 1931 1478 1937 .
1495 1915 1575 1947 quos
1590 1905 1636 1937 eis
1651 1904 1799 1937 dedimus

317 1988 349 2017 et
366 1983 576 2017 concessimus
591 1992 649 2023 pro
665 1982 759 2023 pastu
775 1981 807 2012 e‘c
823 1978 1058 2012 susbentacione
1070 1978 1180 2010 nostra
1196 1986 1297 2018 usque
1313 1976 1355 2008 ad
1370 1975 1468 2007 finem
1480 1974 1546 2007 vite
1557 1975 1665 2006 nostre
1681 1999 1688 2005 .
1705 1972 1798 2006 nobis

317 2055 358 2087 ab
370 2054 490 2086 eisdem
500 2050 691 2084 exhibenda.
739 2049 836 2084 Quod
849 2048 874 2081 si
888 2048 970 2080 forte
986 2047 1020 2079 in
1033 2048 1096 2079 fine
1112 2045 1330 2089 predictorum
1346 2044 1483 2087 triginta
1498 2053 1657 2076 annorum
1673 2053 1731 2075 neo
1741 2053 1799 2075 nos

318 2136 375 2156 nec
391 2121 508 2165 aliquis
523 2120 679 2152 heredum
695 2121 876 2151 nostrorum
894 2116 1053 2159 prefatam
1069 2115 1239 2158 pecuniam
1256 2113 1408 2158 predictis
1425 2139 1431 2146 .
1451 2139 1457 2145 .
1475 2125 1503 2145 a.
1521 2115 1553 2145 et
1568 2124 1593 2145 c.
1611 2111 1798 2155 persolveri-

316 2205 388 2229 mus
415 2216 421 2222 .
447 2192 541 2223 liccat
567 2189 687 2222 eisdem
713 2214 719 2220 .
748 2214 755 2220 .
785 2199 812 2219 a.
839 2189 871 2219 ct
898 2199 922 2218 c.
951 2189 1054 2219 totam
1080 2184 1259 2228 predictam
1288 2185 1408 2216 terram
1432 2193 1506 2214 eum
1535 2181 1694 2214 fructibus
1720 2181 1796 2213 inde

316 2260 579 2307 provenientibus
594 2270 652 2301 pro
665 2258 842 2290 memorata
857 2255 1011 2298 peccunia
1026 2254 1061 2287 in
1073 2254 1193 2298 pignus
1206 2253 1343 2286 retinere
1361 2278 1366 2284 .
1386 2252 1486 2284 donec
1501 2250 1621 2283 eisdem
1633 2251 1673 2283 de
1685 2250 1798 2282 eadem
