1998 2724
1532 153 1597 183 367

153 323 219 344 non
242 313 419 354 poterimus
437 338 442 343 .
461 312 501 343 de
525 312 650 354 reliquo
674 316 860 344 tenemento
886 315 995 344 nostro
1012 312 1057 344 eis
1079 312 1270 354 respondere
1294 314 1441 344 tenemus
1464 313 1506 343 ad
1529 313 1637 344 valen-

152 382 234 413 eiam
274 406 280 413 .
319 381 366 413 ita
388 384 426 413 ut
448 381 614 413 monachis
642 381 777 414 satisfiat
801 386 834 413 et
858 384 895 413 ut
917 381 975 414 hec
1003 382 1135 414 donatio
1159 384 1268 414 nostra
1291 384 1361 413 rata
1385 385 1417 412 et
1440 381 1637 414 inviolabilis

152 456 332 493 perseveret
349 477 355 483 .
373 451 559 493 juramento
575 455 608 483 et
631 452 739 494 sigillo
756 456 786 484 et
804 451 939 484 testibus
963 462 1034 483 eam
1050 451 1318 483 confirmavimus.
1367 450 1444 482 Hiis
1468 451 1603 483 testibus
1628 477 1634 482 .

154 520 297 553 Roomzo
320 521 386 553 fih‘o
403 521 536 554 WIAUN
562 545 569 552 .
594 520 812 552 KENEwpfflue
835 521 935 553 fratre
960 521 1031 563 ejus
1055 546 1061 552 .
1086 520 1253 552 ENNIAUN
1279 521 1345 552 filio
1362 520 1470 552 len
1496 547 1501 551 .
1527 520 1636 552 Espes

154 589 220 622 filio
239 589 436 622 GISTELARD
455 617 460 622 .
479 590 635 622 RICARDO
651 590 681 622 le
698 589 841 622 WALEIS
861 616 865 621 .
884 593 917 622 et
932 590 1043 622 multis
1059 590 1140 622 aliis.

197 658 421 691 Endorsed—‘
436 659 532 691 Carta
548 659 626 691 Resi
651 659 718 691 Ooh
736 660 775 691 de
791 660 964 692 medietate
988 663 1071 691 terre
1087 671 1149 702 que
1165 659 1229 691 fuit
1246 659 1407 693 Ketherec
1423 660 1457 691 in
1474 660 1634 692 territorio

152 729 192 760 de
208 728 302 760 Novo
319 728 482 761 Oastello.’

800 830 995 862 CCCLXX.

153 911 316 944 GRANT
355 912 415 944 OF
452 912 692 951 ENNIAUN,
725 912 812 945 SON
852 912 911 944 OF
950 912 1100 951 RIRID,
1133 912 1192 944 OF
1231 912 1312 944 HIS
1350 912 1536 946 MOIETY
1575 914 1634 946 OF

262 981 599 1015 KETHEREOH'S
646 982 779 1014 LAND
826 982 880 1014 IN
927 982 1026 1014 THE
1073 982 1352 1015 TERRITORY
1397 982 1457 1014 OF
1504 983 1631 1016 NEW·

263 1050 439 1084 GASTLE
470 1051 528 1084 ΤΟ
559 1051 771 1084 MARGAM
800 1052 973 1084 ABBEY.

695 1121 870 1164 [MARGAM
895 1121 1090 1164 CHARTER]

197 1189 356 1222 Omnibus
372 1189 487 1222 Sancte
503 1202 530 1222 e.
549 1191 572 1223 f.
590 1202 617 1222 a.
636 1203 665 1233 q.
683 1203 713 1233 p.
732 1203 755 1222 s.
773 1191 953 1233 pervenerit
972 1190 1140 1222 ENNIAUN
1158 1190 1243 1222 filius
1260 1190 1368 1221 anm
1385 1190 1530 1222 salutem.

196 1258 311 1290 Sciatis
337 1270 388 1291 me
415 1260 602 1292 concessisse
625 1263 658 1292 et
681 1260 753 1292 ded.
772 1267 802 1292 et
827 1260 858 1291 h.
882 1272 906 1292 c.
928 1260 1012 1292 conf.
1034 1260 1078 1291 D.
1096 1262 1127 1291 et
1151 1271 1177 1291 e.
1195 1258 1227 1291 S.
1246 1259 1292 1291 M.
1312 1260 1351 1291 de
1376 1259 1422 1291 M.
1440 1262 1472 1291 et
1495 1271 1537 1291 m.
1555 1261 1575 1292 i.
1594 1261 1635 1292 D.

152 1328 364 1360 servientibus
387 1341 421 1360 m
444 1340 559 1371 puram
582 1333 613 1361 et
637 1333 826 1372 perpetuam
852 1329 1057 1362 elemosinam
1077 1355 1082 1360 .
1104 1328 1239 1360 liberam
1263 1331 1295 1360 et
1318 1329 1461 1370 quietam
1485 1329 1525 1361 ab
1549 1330 1637 1361 omni

153 1397 285 1428 servicio
304 1423 309 1428 .
328 1398 558 1430 consuetudine
582 1401 614 1430 et
637 1399 804 1431 exactione
823 1425 829 1430 .
847 1399 928 1431 sicut
953 1398 1020 1430 ulla
1043 1397 1217 1430 elemosina
1240 1397 1372 1429 liberius
1397 1397 1507 1430 haberi
1534 1401 1639 1440 potest

151 1466 390 1508 imperpetuum
422 1468 621 1500 concessione
651 1468 818 1500 MORGANI
850 1468 909 1499 filii
942 1467 1089 1499 Omnem
1122 1470 1153 1499 et
1187 1469 1358 1509 parentum
1394 1470 1426 1498 et
1463 1468 1638 1500 amicorum

151 1545 296 1567 meorum
310 1536 518 1569 medietatem
533 1539 616 1569 terre
633 1549 694 1579 que
711 1537 776 1570 fuit
791 1537 1011 1569 KETHERECH
1029 1538 1062 1568 in
1079 1536 1239 1568 territorio
1256 1537 1295 1567 de
1317 1535 1416 1567 Novo
1438 1536 1612 1568 OAsTELLo
1630 1563 1635 1568 .

153 1615 215 1646 que
230 1615 282 1636 me
298 1616 337 1636 ex
353 1605 531 1638 hereditate
547 1606 706 1648 contingit
726 1632 731 1638 .
750 1618 847 1649 quam
869 1606 968 1639 habui
992 1618 1031 1638 ex
1055 1606 1140 1638 dono
1162 1605 1298 1647 predicti
1322 1605 1489 1637 MORGANJ
1514 1606 1638 1638 domini

152 1673 225 1705 mei.
273 1673 319 1706 Et
335 1685 394 1716 ego
410 1677 443 1706 et
457 1674 589 1707 heredes
604 1676 668 1707 mei
685 1676 730 1708 eis
750 1676 927 1718 predictam
949 1679 1068 1707 terram
1090 1674 1371 1706 warantizabimus
1394 1677 1504 1706 contra
1528 1686 1638 1707 omnes

152 1741 298 1774 homines
313 1743 561 1785 imperpetuum.
610 1744 706 1780 Quod
723 1745 749 1776 si
765 1745 848 1777 forte
868 1745 1076 1776 warantizare
1098 1744 1143 1776 eis
1164 1755 1229 1775 non
1251 1744 1427 1786 poterimus
1450 1744 1490 1776 de
1513 1744 1637 1786 reliquo

152 1814 338 1844 tenemento
355 1816 463 1845 nostro
479 1813 524 1845 eis
539 1815 730 1856 respondere
746 1816 895 1846 tenemur
911 1815 952 1846 ad
968 1813 1145 1846 valenciam
1161 1839 1167 1844 .
1187 1813 1234 1844 ita
1249 1816 1285 1844 ut
1305 1812 1470 1845 monachis
1491 1813 1633 1845 satisfiat.

152 1881 198 1913 Et
214 1884 251 1913 ut
273 1881 331 1913 hec
347 1882 477 1931 donatio
494 1885 603 1916 nostra
623 1886 693 1916 rata
714 1887 746 1916 et
768 1883 965 1916 inviolabilis
988 1884 1168 1925 perseveret
1187 1907 1193 1914 .
1211 1882 1395 1924 juramento
1420 1884 1451 1913 et
1475 1881 1582 1923 sigillo
1605 1883 1637 1913 et

153 1950 288 1983 testibus
310 1962 381 1982 eam
403 1952 670 1984 confirmavimus.
719 1952 797 1985 Hiis
819 1952 955 1985 testibus
972 1979 977 1984 .
997 1952 1088 1984 REso
1111 1951 1185 1983 Con
1204 1977 1210 1983 .
1229 1951 1372 1983 Roamzo
1396 1950 1462 1982 filio
1480 1950 1611 1983 Wmmv
1629 1976 1636 1982 .

152 2018 370 2052 KENEmec
385 2019 485 2052 fratre
501 2021 572 2063 ejus
590 2047 596 2053 .
614 2021 724 2053 EsPUs
740 2021 807 2054 filio
824 2021 1019 2054 GISTELARD
1038 2046 1045 2052 .
1065 2020 1220 2052 RchRno
1236 2020 1266 2052 le
1283 2019 1436 2052 WALEIS.

197 2088 421 2121 Εῑιᾶοτεεᾱ-ζ
436 2089 533 2122 Carta
548 2090 711 2123 Enniawn
727 2091 787 2123 fflii
804 2091 899 2123 Ririd
915 2092 954 2123 de
975 2091 1149 2123 medietate
1170 2092 1253 2122 terre
1277 2100 1339 2131 que
1363 2089 1426 2120 fuit
1451 2088 1612 2121 Ketherec
1629 2114 1635 2119 .

152 2158 187 2190 in
203 2158 364 2190 territorio
381 2157 469 2190 Novi
485 2158 626 2192 castelli.

197 2226 257 2248 This
269 2229 342 2255 grant
355 2233 405 2248 was
422 2227 535 2250 included
553 2228 577 2250 in
594 2228 635 2250 the
654 2229 825 2252 confirmation
844 2230 874 2258 by
893 2230 934 2251 the
952 2229 1035 2251 Abbot
1054 2229 1078 2251 of
1100 2229 1211 2257 Margaui
1232 2228 1255 2249 iu
1278 2228 1341 2251 1207,
1360 2227 1408 2249 :md
1427 2227 1459 2255 by
1479 2226 1580 2255 Morgan
1601 2227 1632 2248 ab

159 2268 274 2291 Caradoc
306 2268 428 2297 Ennianu,
440 2275 467 2291 or
478 2269 575 2299 Enyon,
586 2271 617 2293 ab
629 2271 700 2294 Ririd
711 2271 815 2294 Briavel·
822 2279 872 2294 was
889 2279 903 2293 a
918 2271 983 2300 joint
998 2271 1053 2294 heir
1070 2270 1130 2293 with
1148 2271 1197 2293 Res
1215 2270 1266 2293 Coh
1285 2270 1309 2292 of
1329 2270 1371 2292 the
1386 2269 1445 2291 land
1457 2269 1481 2291 of
1504 2268 1632 2297 Kefflerec,

158 2310 259 2333 brother
270 2311 296 2332 of
312 2310 421 2334 caradoc
433 2311 479 2341 Du,
490 2312 516 2334 in
527 2312 570 2335 the
580 2313 698 2343 territory
710 2314 735 2336 of
752 2313 898 2337 Newcastle,
933 2313 1069 2344 [CCCV1.]
