1998 2724
337 177 400 208 258

937 570 1126 603 CCLVIII.

326 667 489 701 GRANT
517 666 582 699 BY
613 665 746 699 ENER
778 664 987 703 BAOHAN,
1019 663 1249 696 BROTHER
1279 663 1338 695 OF
1369 662 1638 702 ALAITHUR,
1670 662 1727 695 TO

392 736 603 769 MARGAM
633 734 806 774 ABBEY,
839 733 898 766 OF
930 733 1083 766 RIGHT
1114 733 1170 766 TO
1201 732 1334 765 LAND
1366 732 1421 765 IN
1452 731 1662 765 FRUDUL.

829 816 1004 860 [MARGAM
1029 814 1224 858 CHARTER]

332 902 444 934 Sciant
467 912 577 933 omnes
604 912 635 943 p.
660 912 686 932 e.
709 900 732 931 f.
750 899 837 941 quod
859 910 918 941 ego
943 897 1045 930 ENER
1068 897 1213 930 BAanN
1238 897 1337 929 frater
1359 897 1547 929 Amrrnmz
1570 895 1707 928 concessi
1730 900 1761 927 et

287 971 415 1013 quitum
437 970 572 1002 clamavi
593 971 626 1001 et
643 969 703 1000 hac
723 968 863 1010 presenti
885 969 972 1000 carta
990 978 1062 999 mea
1086 966 1271 999 confirmavi
1294 965 1365 998 Deo
1392 968 1425 998 et
1451 964 1543 997 beate
1569 964 1689 997 Minue
1724 965 1763 996 de

286 1039 441 1071 MARGAN
459 1041 491 1070 et
506 1037 671 1070 monachis
686 1038 706 1069 i.
725 1036 766 1069 D.
785 1048 808 1068 s.
826 1039 932 1068 totum
947 1036 1002 1078 jus
1019 1047 1125 1068 meum
1142 1035 1175 1067 in
1192 1038 1278 1067 terra
1300 1035 1340 1067 de
1363 1034 1509 1066 Fanum
1534 1059 1540 1066 .
1566 1036 1603 1065 ut
1624 1033 1765 1066 habeant

287 1108 423 1151 predicti
449 1107 599 1139 monachi
624 1106 802 1149 predictam
833 1108 952 1137 terram
980 1106 1014 1136 in
1041 1116 1155 1147 puram
1183 1106 1214 1136 et
1241 1107 1430 1146 perpetuam
1453 1103 1660 1135 elemosinam
1691 1113 1765 1134 cum

288 1177 436 1209 omnibus
452 1176 656 1219 pertinentiis
672 1177 738 1207 suis
753 1175 833 1207 sicut
850 1175 1043 1206 donatorum
1060 1176 1145 1206 carte
1160 1176 1330 1205 testantur.
1377 1172 1422 1204 Et
1439 1184 1498 1215 ego
1514 1174 1546 1204 et
1558 1171 1689 1204 heredes
1701 1171 1765 1203 mei

287 1246 464 1289 predictam
487 1248 606 1277 terram
630 1248 741 1277 contra
764 1255 874 1276 omues
897 1243 1042 1275 homines
1065 1242 1343 1274 warentizabimus
1366 1241 1517 1284 predictis
1541 1240 1706 1272 monaohjs
1729 1240 1764 1272 in

286 1318 487 1358 perpetuum.
536 1314 582 1346 Et
607 1314 773 1347 sciendum
798 1314 884 1355 quod
915 1324 1025 1345 omnes
1057 1315 1156 1344 terras
1181 1323 1243 1354 que
1270 1313 1346 1343 sunt
1363 1311 1449 1343 infra
1472 1310 1626 1342 terminos
1652 1320 1761 1341 mona-

287 1384 419 1417 chorum
443 1384 563 1416 scilicet
587 1383 672 1415 inter
695 1383 753 1415 has
775 1394 874 1424 aquas
898 1382 1024 1414 AvENE
1049 1384 1081 1413 et
1103 1381 1276 1413 Kmmrm
1304 1407 1309 1412 .
1336 1383 1368 1412 et
1388 1382 1502 1412 extra.
1520 1390 1593 1411 cum
1616 1378 1765 1411 omnibus

287 1453 490 1496 pertinentiis
507 1453 572 1485 suis
589 1479 595 1484 .
614 1452 736 1494 prefate
754 1452 882 1484 ecclesie
898 1451 1015 1483 liberas
1031 1454 1061 1482 et
1079 1451 1204 1493 quietas
1220 1450 1355 1482 clamavi
1371 1449 1607 1491 imperpetuum
1623 1450 1655 1479 et
1671 1459 1765 1490 super

287 1523 469 1555 sanctuaria
492 1522 637 1565 ejusdem
662 1521 790 1553 ecclesie
813 1532 866 1553 eas
889 1519 1047 1563 abjuravi.
1095 1519 1233 1562 Insuper
1255 1530 1365 1551 omnes
1391 1517 1535 1560 querelas
1560 1528 1640 1559 quas
1664 1516 1762 1548 habui

287 1594 398 1623 contra
413 1592 545 1623 domum
562 1591 601 1622 de
618 1590 772 1622 MARGAN
789 1589 897 1622 remisi
914 1593 945 1621 et
962 1589 1086 1630 quietas
1104 1588 1247 1620 clamavi.
1296 1586 1372 1619 Hiis
1387 1585 1521 1618 testibus
1545 1611 1551 1617 .
1577 1584 1761 1617 STEPHANO

287 1661 399 1692 clerico
415 1661 454 1692 de
470 1659 640 1691 KENEFEG
665 1686 669 1690 .
696 1659 885 1691 ALAlrmm
912 1684 918 1690 .
948 1658 1038 1690 Rssso
1063 1656 1137 1689 Con
1166 1683 1171 1688 .
1200 1656 1366 1689 JOHANNE
1396 1681 1401 1687 .
1431 1657 1461 1687 et
1484 1653 1667 1687 Wmmocu
1689 1653 1763 1684 filiis

287 1729 424 1762 JUSTIM
451 1755 456 1761 .
483 1728 644 1760 Romarm
669 1728 814 1760 Fumea
838 1731 870 1759 et
893 1727 1004 1759 multis
1027 1727 1108 1758 aliis.

331 1811 405 1843 Seal
421 1811 455 1842 in
471 1811 551 1842 dark
568 1821 666 1852 green
679 1821 760 1848 wax,
777 1810 862 1850 lgin.
877 1809 973 1841 diam.
1010 1808 1140 1847 Device,
1157 1819 1176 1839 a
1188 1806 1309 1839 central
1321 1806 1418 1848 pellet
1434 1805 1498 1837 and
1512 1804 1572 1836 five
1585 1802 1764 1835 concentric

288 1880 404 1912 ciroles.

332 1948 521 1991 Legend-—‘
539 1953 569 1984 ÷
592 1947 723 1979 zmum'
750 1973 756 1978 .
782 1958 874 1978 ENER
899 1973 904 1978 .
931 1945 1092 1977 memus

332 2018 556 2049 Endorsed—‘
570 2016 667 2048 Carta
685 2016 774 2047 Enei·
790 2016 899 2047 fratris
915 2013 1095 2046 Alaithur.'
