1998 2724
1531 171 1594 201 515

163 325 282 368 prefati
295 325 438 368 religiosi
453 328 486 358 et
501 337 691 358 successores
707 326 756 358 sui
778 337 881 358 unum
903 326 1072 358 denarium
1096 326 1137 358 ad
1162 325 1280 358 festum
1309 325 1419 358 Sancti
1444 327 1639 360 MlanEms

163 406 221 437 pro
236 394 324 426 omni
340 393 470 426 servicio
486 395 716 426 consuetudine
733 395 898 427 exactione
911 397 943 427 et
955 394 1116 427 demanda
1128 394 1272 427 seculari.
1297 394 1343 427 Et
1353 406 1413 438 ego
1424 394 1639 429 W1LLELMUS

165 463 403 495 FRANKELEYN
421 465 453 495 et
477 462 610 495 heredes
631 463 695 495 mei
714 463 864 505 predictis
887 464 1052 496 monachis
1073 466 1105 496 et
1129 463 1359 496 successoribus
1380 464 1445 496 suis
1463 466 1640 507 predictam

163 543 270 564 acram
294 534 378 564 terre
401 542 474 564 cum
495 531 699 574 pertinentiis
720 532 785 564 suis
806 536 916 564 contra
938 544 1048 565 omnes
1071 532 1217 564 homines
1238 535 1270 565 et
1292 533 1430 565 feminas
1452 535 1638 566 warentiza-

163 600 269 633 bimus
285 600 537 642 acquietabimus
553 603 584 632 et
600 600 812 633 defendemus
832 601 866 633 in
883 605 1084 644 perpetuum.
1132 601 1183 633 Ut
1207 604 1316 634 autem
1339 601 1397 635 hec
1417 614 1490 634 mea
1505 603 1639 636 donacio

163 671 196 701 et
211 669 368 701 concessio
384 671 454 701 rata
469 671 502 701 et
518 668 644 702 stabilis
659 669 693 701 in
709 672 902 712 perpetuum
916 673 1096 712 perseveret
1111 673 1293 713 presentem
1309 673 1431 703 cartam
1454 671 1554 714 sigilli
1577 673 1641 705 mei

163 738 372 780 impressione
387 738 542 770 roboravi.
590 738 668 770 Hiis
683 738 819 771 testibus
832 765 838 770 .
853 739 1030 771 WALTERO
1046 738 1164 771 Lovm
1182 765 1187 771 .
1205 739 1382 772 MAURICIO
1398 741 1438 772 de
1455 740 1617 774 CORNELY
1633 766 1640 774 .

165 807 361 840 WILLELMO
392 807 564 839 Anwmn
597 833 602 839 .
636 807 832 840 WILLELMO
863 808 983 840 TERRY
1015 834 1021 840 .
1054 808 1226 840 PHILIPPO
1250 809 1423 841 GRAMMUS
1448 835 1454 842 .
1479 809 1642 843 lexmco

166 882 309 916 WILLoc
327 908 333 913 .
350 882 515 915 JOHANNE
532 882 631 915 Coun
649 909 655 914 .
673 886 706 915 et
720 883 832 915 multis
848 883 928 915 aliis.

210 952 390 994 Fragment
405 952 439 984 of
454 952 586 994 pointed
604 952 675 983 oval
691 952 765 984 seal.
813 952 919 984 Green
932 964 1013 985 wax.
1059 953 1093 985 A
1117 953 1319 994 fleur-de-lis,
1341 966 1383 986 on
1406 955 1433 986 it
1456 957 1520 987 two
1543 955 1641 995 birds,

172 1021 357 1062 regardant.

613 1092 620 1105 ‘
634 1114 744 1121 .....
763 1100 875 1121 WILEL
893 1116 899 1122 .
919 1115 925 1121 .
945 1116 951 1121 .
970 1100 1061 1122 RELE
1079 1115 1188 1122 .....
1194 1090 1202 1103 ⁷

209 1156 292 1189 Late
308 1157 584 1190 endorsement-—‘
599 1157 710 1200 Goyth
726 1157 839 1190 Lake?

859 1464 959 1497 DIX.

163 1543 325 1576 GRANT
355 1544 422 1576 BY
453 1544 673 1578 WILLIAM
705 1545 1040 1578 FRANKELEYN
1080 1546 1139 1578 OF
1169 1547 1265 1580 ALL
1304 1549 1386 1581 HIS
1417 1549 1550 1584 LAND
1587 1552 1640 1585 IN

434 1613 833 1647 BONEV'ILESTONE
865 1615 922 1647 ΤΟ
954 1614 1165 1648 MARGAM
1195 1616 1368 1650 ABBEY.

697 1683 872 1726 [MARGAM
908 1684 1102 1727 CHARTER]

205 1763 374 1795 Universis
390 1762 532 1795 Cmusn
549 1764 698 1797 fidelibus
713 1776 842 1807 presens
858 1766 1011 1808 scriptum
1027 1777 1056 1798 v.
1074 1767 1125 1799 vel
1141 1778 1168 1798 a.
1181 1766 1397 1801 WILLELMUS
1416 1769 1635 1804 Fummm

161 1832 297 1864 salutem
312 1832 347 1864 in
364 1832 503 1864 domino.

200 1901 336 1934 Noverit
351 1901 542 1934 universitas
558 1904 663 1934 vestra
678 1914 729 1935 me
745 1903 868 1935 dedisse
885 1906 917 1936 et
929 1904 1115 1936 concessisse
1131 1908 1163 1936 et
1174 1906 1315 1947 presenti
1327 1909 1414 1939 carta
1426 1909 1629 1941 confirmasse

158 1970 229 2003 Deo
245 1981 271 2002 e.
284 1969 317 2002 S.
330 1970 377 2002 M.
391 1971 432 2002 de
446 1970 494 2002 M.
508 1972 541 2003 et
556 1982 597 2003 m.
610 1971 630 2003 i.
645 1971 686 2003 D.
702 1972 913 2005 servientibus
925 1976 1027 2005 totam
1039 1975 1158 2006 terram
1173 1985 1279 2006 meam
1294 1975 1328 2006 in
1345 1975 1631 2010 Bonsswmswm

158 2050 232 2071 cum
248 2038 398 2071 omnibus
419 2039 625 2081 pertinenciis
648 2040 713 2072 suis
735 2040 803 2072 sine
819 2041 927 2083 aliquo
945 2068 951 2073 .
969 2045 1197 2074 retenemento.
1246 2042 1354 2078 Quam
1370 2045 1500 2086 quidem
1516 2048 1635 2078 terram

158 2108 349 2140 Pmmpus
379 2110 471 2150 pater
500 2119 590 2141 meus
620 2109 726 2141 tenuit
756 2110 795 2142 de
827 2109 1023 2143 WILLELMO
1054 2112 1094 2143 de
1124 2111 1314 2145 BONEvuAE.
1361 2113 1415 2146 Ita
1440 2116 1525 2156 quod
1552 2115 1629 2147 dicti

158 2176 307 2209 monachi
328 2176 470 2209 habeant
492 2179 524 2209 et
542 2180 675 2210 teneant
695 2180 798 2210 totam
813 2178 934 2211 dictam
954 2182 1074 2212 terram
1097 2192 1170 2213 eum
1197 2182 1345 2214 omnibus
1369 2183 1575 2224 pertinenciis
1601 2189 1632 2216 et

157 2245 361 2278 libertatibus
390 2245 431 2277 ad
458 2246 593 2278 eandem
623 2246 860 2288 pertinentibus
890 2273 895 2279 .
925 2249 1007 2281 sicut
1031 2261 1146 2291 puram
1171 2254 1203 2282 et
1227 2250 1359 2283 liberam
1389 2255 1421 2283 et
1445 2256 1632 2294 perpetuam
