1998 2724
1555 154 1617 185 679

184 318 224 350 de
246 319 349 350 cetero
366 316 469 349 simile
492 316 685 358 attemptare
701 315 888 357 presumant
911 324 948 345 ac
970 323 1065 355 super
1087 312 1276 355 hujusmodi
1299 311 1431 344 decimis
1448 312 1663 354 predictarum

183 390 342 420 terrarum
365 385 460 418 dictis
483 396 510 417 a.
529 386 562 416 et
585 395 610 416 c.
628 394 670 416 m.
688 384 728 416 de
751 383 790 416 Τ.
814 385 1007 425 perpetuum
1029 382 1195 415 silentium
1218 381 1341 424 imponi
1365 392 1438 413 cum
1461 381 1587 413 nullum
1610 381 1664 424 jus

185 455 326 488 habeant
348 455 384 487 in
406 454 526 487 eisdem
550 455 583 486 et
604 452 663 485 hec
685 453 767 495 petit
790 463 855 485 una
877 463 950 484 cum
974 451 1123 494 dampnis
1146 453 1179 483 et
1201 451 1354 483 interesse
1377 461 1433 482 suo
1457 462 1493 482 ac
1516 450 1663 492 expensis

185 525 279 557 factis
303 524 337 557 in
353 524 410 556 lite
426 534 488 566 que
509 522 618 555 omnia
638 521 842 565 ex[is]timat
862 524 1020 554 trecentas
1042 520 1188 553 marchas
1208 519 1440 562 sterlingorum
1455 522 1487 551 et
1508 530 1662 561 expensas

185 594 345 627 faciendas
360 594 558 635 protestatur
573 602 652 633 quas
667 593 811 633 tempore
826 590 985 623 sententie
1000 589 1177 622 declarabit
1192 589 1279 621 salvo
1296 588 1379 631 jure,
1395 590 1454 620 etc.

229 662 315 695 Item
345 661 495 705 proponit
526 672 632 694 coram
662 659 752 692 vobis
782 659 954 691 reverende
984 661 1076 701 pater
1106 658 1236 690 domine
1266 657 1442 690 Osrxnnsm
1474 657 1619 699 episcope
1644 667 1664 688 a

185 732 316 765 domino
339 731 428 773 Pape
451 730 597 773 partibus
620 729 766 762 auditore
789 739 933 761 concesso
956 727 1057 760 frater
1079 727 1305 760 &nummus
1326 728 1534 770 procurator.
1562 751 1568 757 .
1586 737 1614 757 a.
1632 727 1665 757 et

185 814 210 834 ο,
228 812 270 833 m.
288 802 328 833 de
344 800 391 832 M.
411 799 662 831 CISTERCIENSIS
680 797 801 830 ordinis
816 797 1057 829 LANDAVENsrs
1077 797 1234 829 dioceseos
1250 798 1361 828 contra
1377 821 1385 828 .
1404 821 1410 828 .
1428 807 1456 827 a.
1475 797 1507 827 et
1522 807 1547 827 c.
1565 806 1607 827 m.
1625 795 1665 827 de

185 870 224 903 Τ.
241 869 361 903 ordinis
384 868 495 901 Sancti
518 867 710 900 BENEDm'ri
727 866 989 899 WIGORNIENSIS
1013 865 1171 898 dioceseos
1194 867 1226 897 et
1250 876 1360 897 eorum
1383 864 1568 907 legitimum
1592 875 1662 905 pro-

186 941 365 972 curatorem
390 938 499 970 dicens
522 937 608 980 quod
624 936 702 969 dicti
719 948 746 968 a.
765 938 797 969 et
813 947 838 968 c.
856 947 899 968 m.
917 936 957 968 de
972 935 1010 967 Τ.
1028 947 1094 967 non
1118 935 1237 977 absque
1259 934 1342 977 juris
1365 934 1488 976 injuria
1511 933 1612 965 dictos
1630 959 1636 965 .
1656 958 1664 965 .

184 1008 227 1041 A.
241 1011 274 1040 et
289 1020 315 1040 c.
332 1019 374 1040 m.
392 1007 431 1039 de
447 1006 495 1039 M.
513 1017 607 1049 super
622 1005 754 1039 decimis
770 1008 928 1038 terrarum
937 1005 1112 1037 eorundem
1128 1004 1215 1037 infra
1224 1003 1343 1036 limites
1359 1003 1524 1046 parrochie
1536 1003 1664 1036 ecclesie

185 1079 226 1110 de
256 1077 355 1110 Novo
382 1076 511 1108 OAsTRo
539 1075 574 1107 in
605 1075 823 1107 GLAMORGAN
855 1074 1099 1106 LANDAVENSIS
1126 1073 1284 1106 dioceseos
1314 1072 1556 1104 consistentium
1587 1083 1666 1114 quas

185 1147 263 1179 dicti
286 1157 313 1178 a.
332 1148 364 1177 et
379 1157 404 1178 c.
423 1146 462 1177 de
484 1144 532 1177 M.
551 1144 768 1187 acquisierunt
791 1146 866 1176 ante
889 1143 1059 1176 concilium
1082 1142 1231 1185 generale
1255 1142 1297 1174 ad
1312 1141 1449 1174 vetitum
1472 1152 1607 1173 examen
1630 1141 1666 1172 in

185 1216 254 1249 foro
278 1214 411 1248 seculari
434 1216 604 1246 traxerunt
625 1213 660 1245 in
686 1224 814 1245 causam
838 1212 987 1244 videlicet
1012 1223 1117 1244 coram
1141 1211 1273 1243 domino
1296 1210 1471 1243 Rmcmno
1487 1211 1526 1242 de
1548 1209 1665 1242 CLARA

185 1285 349 1328 quondam
379 1284 493 1316 comite
525 1283 735 1316 Gmmzsmm
771 1284 804 1314 et
839 1281 967 1314 baffivis
999 1281 1072 1323 ejus
1109 1281 1144 1312 in
1179 1280 1418 1313 enervationem
1458 1278 1666 1311 ecclesiastice

184 1354 341 1387 libertatis
357 1356 390 1386 et
411 1356 522 1386 contra
537 1352 705 1385 canonicas
721 1351 901 1384 sanctiones
918 1352 1047 1393 propter
1068 1350 1154 1392 quod
1171 1347 1249 1381 dicti
1265 1360 1293 1381 a.
1311 1351 1343 1381 et
1360 1359 1384 1380 c.
1402 1349 1443 1380 de
1458 1348 1505 1380 M.
1523 1348 1665 1390 dampna

184 1423 298 1466 gravia
314 1425 346 1455 et
369 1433 524 1465 expensas
539 1421 744 1454 incurrerunt
767 1431 829 1462 que
845 1421 877 1452 et
893 1430 972 1462 quas
994 1419 1154 1451 extimant
1170 1419 1325 1451 ducentas
1349 1418 1493 1450 marchas
1516 1416 1663 1459 sterling-

184 1504 286 1525 orum.
333 1491 432 1523 Unde
462 1491 545 1533 petit
575 1490 676 1522 dictos
707 1501 734 1522 a.
764 1492 796 1521 et
827 1500 851 1521 c.
880 1489 920 1521 de
951 1487 989 1520 T.
1017 1488 1052 1520 in
1083 1487 1234 1530 predictis
1263 1487 1410 1519 ducentis
1440 1485 1578 1518 marchis
1604 1485 1664 1518 sibi

184 1561 418 1594 sententialiter
434 1559 662 1602 condempnari
680 1585 686 1591 .
705 1561 738 1591 et
752 1559 880 1591 eosdem
896 1570 925 1590 a.
943 1560 974 1590 et
990 1569 1016 1590 c.
1033 1559 1074 1590 de
1090 1557 1127 1589 Τ.
1145 1569 1203 1600 pro
1219 1568 1256 1589 eo
1272 1557 1359 1599 quod
1374 1556 1476 1588 dictos
1492 1567 1520 1588 a.
1538 1558 1570 1588 et
1585 1567 1609 1587 c.
1624 1556 1664 1587 de

184 1631 231 1664 M.
249 1631 291 1663 ad
306 1641 444 1663 examen
460 1629 599 1661 vetitum
622 1630 789 1661 traxerant
813 1630 850 1660 ut
864 1627 1054 1670 premissum
1077 1629 1125 1659 est
1141 1626 1220 1658 alias
1243 1625 1393 1658 canonice
1410 1625 1528 1667 puniri.
1576 1624 1662 1656 Item

179 1701 261 1743 petit
285 1710 439 1741 expensas
463 1698 498 1730 in
522 1698 580 1730 lite
605 1698 707 1730 factas
739 1700 771 1729 et
801 1699 999 1739 protestatur
1032 1695 1196 1728 faciendas
1227 1706 1306 1737 quas
1336 1697 1479 1737 tempore
1504 1694 1661 1726 sententie

180 1768 356 1802 declarabit
374 1768 461 1800 salvo
476 1767 560 1809 jure,
577 1769 637 1800 etc.

223 1838 369 1879 Cumque
391 1847 487 1878 super
508 1836 628 1868 eisdem
651 1835 767 1868 libellis
790 1847 847 1878 per
869 1837 1107 1878 procuratorem
1129 1846 1160 1866 a.
1177 1837 1209 1866 et
1232 1846 1256 1866 c,
1275 1834 1314 1866 de
1331 1833 1369 1865 Τ.
1386 1833 1453 1865 litis
1469 1832 1658 1865 contestatio

179 1907 266 1939 facta
281 1906 395 1938 fuisset
410 1908 443 1938 et
458 1905 534 1937 hinc
549 1905 625 1937 inde
636 1904 783 1946 juratum
800 1905 839 1936 de
855 1904 1040 1946 calumpnia
1062 1906 1095 1936 et
1117 1904 1157 1936 de
1181 1903 1315 1936 veritate
1339 1903 1475 1935 dicenda
1497 1905 1529 1933 et
1552 1901 1659 1943 alique

180 1976 354 2019 positiones
368 1975 443 2007 date
460 1975 597 2006 fuissent
614 1999 621 2006 .
639 1976 858 2006 convenerunt
873 1975 1092 2016 procuratores
1107 1973 1249 2015 partium
1264 1973 1351 2015 quod
1367 1983 1459 2004 cause
1471 1970 1659 2013 hujusmodi

179 2044 270 2077 vobis
285 2044 528 2077 comitterentm·
544 2043 578 2075 in
593 2043 669 2074 hinc
685 2043 817 2074 modum
835 2067 842 2073 .
859 2042 978 2074 scilicet
1001 2042 1087 2084 quod
1110 2043 1152 2073 ad
1175 2044 1281 2084 partes
1296 2042 1418 2073 vestras
1441 2051 1533 2072 cause
1548 2039 1658 2071 remit-

178 2116 323 2146 terentur
337 2113 479 2156 predicte
493 2139 499 2145 .
513 2116 545 2145 et
561 2113 647 2154 quod
657 2123 713 2144 vos
723 2112 774 2143 vel
790 2112 855 2144 duo
871 2113 1013 2143 vestrum
1029 2111 1055 2143 si
1071 2111 1186 2143 tertius
1201 2122 1267 2143 non
1282 2110 1423 2152 potuerit
1437 2109 1589 2141 interesse
1601 2110 1657 2140 aut

178 2183 319 2215 noluerit
341 2182 428 2225 apud
451 2181 673 2214 Bmsronnum
697 2180 810 2212 audiat
828 2191 937 2212 causas
961 2180 1089 2212 easdem
1105 2182 1137 2212 et
1160 2179 1205 2212 ibi
1221 2182 1310 2211 actus
1332 2178 1501 2221 judiciales
1517 2177 1658 2209 totaliter

179 2251 370 2284 examinetis
385 2251 472 2283 salvo
488 2251 574 2293 quod
590 2250 686 2282 liceat
702 2249 796 2282 dictis
812 2261 840 2281 a.
859 2253 891 2281 et
907 2261 932 2281 c.
950 2250 990 2281 de
1005 2249 1052 2281 M.
1071 2249 1158 2291 apud
1174 2248 1399 2281 STRIGULLUM
1416 2247 1659 2279 LANDAx'l-:Nffls
