1998 2724
1543 152 1607 183 277

167 306 301 339 honeste
317 306 542 349 procurabitur
556 306 613 338 ubi
626 307 768 350 elegerit.
816 307 862 339 Et
877 307 990 339 domus
1006 307 1045 339 de
1060 307 1217 339 MARGAN
1233 307 1437 349 capellanum
1452 307 1595 340 inveniet
1618 310 1651 341 et

169 377 273 408 cetera
289 375 465 407 necessaria
481 375 670 407 sufficientia
687 377 728 408 ad
744 376 899 408 servitum
915 376 1044 408 ecclesie
1059 377 1202 419 predicte
1218 379 1249 408 et
1271 376 1477 419 respondebit
1503 377 1650 420 episcopo

168 457 226 488 per
243 444 351 476 omnia.
367 447 399 476 et
409 445 449 476 de
465 443 613 476 omnibus
630 456 691 487 que
708 445 749 477 ad
764 445 867 487 ipsam
883 445 1056 487 pertinent.
1103 445 1148 477 Et
1165 445 1225 477 hoo
1246 448 1350 478 totum
1376 446 1499 477 factum
1524 448 1572 478 est
1592 457 1650 489 per

168 525 333 546 assensum
362 514 528 555 utriusque
556 513 682 545 abbatis
713 516 744 546 et
775 514 941 556 utriusque
970 514 1103 556 capituli
1129 516 1161 546 et
1182 515 1306 558 scriptis
1338 517 1369 547 et
1396 515 1512 558 sigillis
1537 527 1647 548 eorum

167 585 406 618 confirmatum.

212 653 293 686 Two
310 654 391 686 seals
407 654 441 685 in
457 655 513 685 red
536 665 616 685 wax.

217 724 244 755 1.
294 723 431 755 Pointed
447 723 529 762 oval‚
546 722 819 765 2}1n.by1}in.;
848 735 889 755 an
913 723 1024 755 Abbot
1049 723 1212 766 standing,
1238 723 1294 755 flat
1323 723 1427 762 mitre,
1451 723 1539 766 right
1562 724 1650 756 hand

168 793 316 825 elevated
335 793 369 824 in
384 792 537 835 blessing‚
555 792 589 824 in
605 792 660 824 the
676 792 737 824 left
752 792 841 824 hand
858 804 899 823 an
916 804 996 834 open
1014 792 1106 824 book.

214 862 405 904 Legend—‘
422 866 453 898 4-
468 872 612 893 WALTER
631 887 740 894 .....
763 861 843 904 [ΜΛ]
852 873 910 893 RIE
933 873 1032 894 Timo.
1055 890 1058 892 .
1080 889 1085 894 .
1106 888 1112 893 .
1132 889 1137 894 .
1157 862 1224 894 SIS.'

214 933 244 962 2.
294 931 379 972 liin.
397 930 494 962 diam.
510 943 516 969 3
542 942 560 962 a
576 931 828 972 representation
846 931 880 962 of
895 930 1114 973 Tewkesbury
1127 931 1245 973 Abbey
1258 931 1397 971 Ghurch,
1411 932 1491 964 with
1507 944 1525 963 a
1537 944 1603 964 row
1616 932 1651 964 of

166 1000 240 1032 four
255 999 403 1032 Norman
419 1000 539 1039 arches,
556 1001 622 1032 and
638 1012 656 1032 a
672 1000 823 1032 fantastic
840 1000 1128 1044 Chinese-looking
1143 1003 1243 1033 tower
1258 1001 1292 1032 of
1307 1000 1398 1033 three
1423 1003 1540 1043 stages,
1568 1001 1647 1033 with

168 1069 288 1102 ourved
304 1069 509 1111 projectione,
527 1070 736 1101 surmounted
753 1069 833 1101 with
849 1081 867 1101 a
884 1070 968 1101 cock.

214 1138 405 1181 Legend—‘
422 1143 453 1174 -1-
472 1150 523 1170 sxe
544 1163 654 1170 .....
676 1138 859 1181 [ABB]AT1E
878 1150 897 1170 T
915 1165 920 1170 .
942 1165 947 1170 .
968 1166 972 1170 .
993 1165 998 1170 .
1019 1165 1024 1170 .
1043 1138 1111 1170 εις]

213 1208 438 1241 Endorsed—‘
452 1207 502 1239 De
519 1207 647 1239 ecclesie
664 1207 703 1238 de
720 1206 866 1239 Kenefec
882 1210 969 1239 carta
986 1207 1112 1250 prima.'

211 1278 323 1320 Along
339 1277 394 1309 the
406 1279 462 1319 top
479 1276 513 1308 of
527 1276 582 1308 the
598 1277 689 1315 deed,
707 1279 760 1308 cut
776 1277 846 1308 haff
861 1288 973 1315 across,
991 1277 1017 1308 is
1033 1277 1088 1308 the
1105 1277 1192 1309 word
1208 1288 1466 1310 COEOGRAPHUM.

798 1447 1020 1480 CCLXXIX.

171 1530 333 1564 GRANT
357 1530 422 1562 BY
445 1529 628 1569 HENRY,
649 1529 823 1562 BISHOP
847 1530 906 1561 OF
928 1529 1199 1568 LLANDAFF,
1224 1529 1283 1562 OF
1305 1530 1339 1562 A
1362 1529 1650 1563 PERPETUAL

279 1598 430 1631 LEASE
453 1599 512 1630 OF
534 1598 632 1630 THE
655 1598 856 1631 OHURCH
879 1599 938 1631 OF
956 1599 1151 1638 KENFIG,
1169 1598 1227 1631 ΤΟ
1246 1598 1457 1631 MARGAM
1475 1599 1648 1639 ABBEY,

278 1667 482 1700 SUBJEGT
513 1666 570 1699 ΤΟ
601 1667 635 1699 A
666 1667 898 1700 PAYMENT
929 1668 988 1699 OF
1023 1667 1118 1700 TEN
1154 1668 1318 1700 MARKS
1354 1667 1553 1700 YEARLY
1589 1668 1647 1701 ΤΟ

279 1736 615 1769 TEWKESBURY
638 1736 811 1768 ABBEY.

711 1819 885 1862 [MARGAM
911 1818 1104 1862 CHARTER]
1379 1820 1603 1851 1203—1213.

213 1899 382 1932 Universis
413 1899 529 1931 Sancte
558 1899 675 1931 Matris
701 1901 828 1932 ecclesie
855 1901 928 1933 ffliis
955 1902 996 1932 ad
1023 1913 1101 1943 quos
1128 1912 1257 1944 presens
1283 1901 1436 1943 scriptum
1467 1901 1646 1943 pervenerit

166 1968 385 2012 Rhemum]
404 1969 446 2000 D.
465 1980 495 2010 g.
514 1968 757 2001 LANDAVENSIS
773 1971 900 2002 ecclesie
914 1971 1061 2002 minister
1076 1970 1207 2002 humilis
1224 1971 1360 2002 salutem
1381 1970 1519 2012 gratiam
1536 1970 1599 2002 Dei
1615 1973 1646 2002 et

166 2037 431 2070 benedictionem,

211 2106 233 2139 J
235 2106 379 2138 ustitiam
402 2107 580 2148 petentium
603 2107 766 2139 desideriis
789 2108 896 2140 animo
919 2120 976 2139 nos
1000 2109 1089 2140 devet
1110 2108 1252 2151 benigno
1269 2109 1515 2140 condescendere
1533 2134 1538 2139 .
1557 2110 1589 2139 et
1609 2119 1645 2139 ea

165 2175 283 2207 effectu
298 2175 405 2207 debito
421 2176 585 2217 complere.
632 2176 715 2208 Inde
731 2178 779 2208 est
798 2177 884 2218 quod
904 2177 1106 2208 universitati
1126 2180 1228 2209 vestre
1248 2179 1362 2209 notum
1382 2176 1518 2208 facimus
1535 2202 1541 2208 .
1560 2178 1645 2218 quod

165 2254 223 2275 nos
245 2243 393 2285 petitioni
416 2246 449 2275 et
470 2244 630 2276 voluntati
653 2245 775 2277 domiui
798 2245 968 2278 WALTERI
992 2246 1116 2278 abbatis
1139 2246 1401 2278 THEOKESBIRIE
1419 2272 1425 2278 .
1444 2248 1475 2277 et
1499 2246 1644 2288 ejusdem
