1998 2724
388 150 450 181 636

340 305 425 336 litati
451 308 554 337 vestre
579 307 714 348 paterna
740 305 775 337 in
799 309 962 348 posterum
985 305 1200 337 sollicitudine
1231 305 1398 348 providere
1425 305 1568 338 volentes
1596 331 1602 337 .
1629 305 1819 338 auctoritate

339 374 513 415 apostolica
535 374 742 416 prohibemus
767 401 773 406 .
799 378 836 406 ut
858 375 945 406 infra
968 375 1131 406 clausuras
1152 375 1295 406 locorum
1318 386 1373 407 seu
1403 375 1616 418 grangiarum
1640 377 1818 407 vestrarum

340 443 449 474 nullus
461 444 609 486 rapinam
622 456 677 476 seu
688 444 813 476 furtum
826 444 931 476 facere
943 470 948 475 .
960 444 1072 487 ignem
1085 455 1244 487 apponere
1259 470 1265 476 .
1279 445 1471 487 sanguinem
1483 444 1620 476 fundere
1634 470 1640 476 .
1655 444 1819 476 hominem

339 514 458 544 temere
474 524 586 555 capere
609 513 659 545 vel
681 513 859 545 interficere
877 538 884 543 .
902 525 957 545 seu
982 513 1170 545 violentiam
1192 514 1311 545 audeat
1332 525 1486 546 exercere.
1534 513 1686 546 Preterea
1708 525 1819 546 omnes

338 580 503 613 libertates
526 585 558 614 et
580 582 803 614 immunitates
822 594 841 614 a
864 582 1136 625 predecessoribus
1159 583 1276 615 nostris
1299 583 1458 615 ROMANIS
1482 582 1688 625 pontificibus
1712 583 1820 615 ordini

337 653 441 682 vestro
465 662 626 683 concessas
651 677 657 683 .
687 663 811 684 necnon
842 652 1008 684 libertates
1036 655 1069 684 et
1094 652 1312 695 exemptiones
1342 653 1533 684 secularium
1564 652 1769 684 exactionum
1799 664 1819 684 a

335 719 466 762 regibus
491 724 521 752 et
544 721 742 763 principibus
765 722 815 753 vel
837 722 908 753 aliis
929 721 1077 754 fidelibus
1096 722 1330 754 rationabiliter
1353 721 1442 754 vobis
1465 722 1609 754 indultas
1627 722 1818 754 auctoritate

335 789 509 830 apostolica
525 790 750 822 confirmamus
765 795 797 823 et
812 791 969 833 presentis
985 791 1094 833 scripti
1110 791 1280 834 privilegio
1296 791 1541 823 communimus.

379 857 591 890 Decernimus
616 871 692 902 ergo
721 865 756 891 ut
788 860 871 892 nulli
903 861 1034 892 omnino
1065 860 1235 892 hominum
1265 861 1359 892 liceat
1390 860 1554 902 prefatum
1585 861 1818 892 monasterium

333 930 452 959 temere
471 928 658 969 perturbare
679 932 737 961 aut
759 929 830 971 ejus
850 929 1062 972 possessiones
1085 930 1210 962 auferre
1234 930 1285 961 vel
1306 929 1430 962 ablatas
1451 930 1589 961 retinere
1616 954 1621 960 .
1647 929 1792 961 minuere
1809 955 1816 962 .

333 1007 388 1028 seu
412 997 609 1038 quibuslibet
632 999 856 1030 vexationibus
879 999 1020 1041 fatigare
1045 1025 1050 1030 .
1076 1000 1131 1032 sed
1154 999 1263 1031 omnia
1280 999 1408 1042 integra
1424 1002 1653 1031 conserventur
1675 1024 1680 1030 .
1705 1010 1816 1031 eorum

331 1077 390 1107 pro
406 1078 543 1108 quorum
559 1067 794 1109 gubernatione
810 1080 845 1100 ac
861 1069 1095 1101 sustentatione
1117 1080 1263 1101 concessa
1278 1072 1354 1101 sunt
1369 1068 1480 1101 usibus
1496 1069 1689 1100 omnimodis
1704 1069 1815 1112 profu-

331 1138 413 1167 tura.
462 1136 558 1168 Salva
574 1137 656 1169 sedis
672 1138 844 1179 apostolice
861 1138 1051 1170 auctoritate
1073 1138 1107 1170 in
1128 1138 1279 1180 predictis
1300 1138 1432 1170 decimis
1453 1138 1672 1170 moderatione
1688 1138 1815 1170 concilii

333 1206 502 1247 generalis.
550 1206 585 1238 Si
601 1218 664 1249 qua
680 1207 782 1249 igitur
798 1208 832 1239 in
853 1207 1003 1240 futurum
1024 1207 1233 1241 ecclesiastica
1254 1208 1443 1240 secularisve
1459 1219 1594 1250 persona
1609 1207 1693 1240 hanc
1709 1210 1816 1240 nostre

331 1275 570 1307 constitutionis
592 1276 748 1319 paginam
773 1277 875 1309 sciens
902 1303 907 1309 .
938 1279 1049 1309 contra
1075 1288 1146 1309 eam
1170 1279 1290 1308 temere
1309 1277 1417 1308 venire
1442 1277 1649 1319 temptaverit
1676 1277 1815 1309 secundo

331 1344 466 1376 tertiove
479 1346 675 1377 commonita
690 1346 752 1378 nisi
768 1349 894 1378 reatum
910 1358 1005 1378 suum
1021 1357 1164 1389 congrua
1180 1346 1398 1378 satisfactione
1417 1346 1590 1378 correxerit
1615 1372 1621 1378 .
1647 1346 1816 1388 potestatis

332 1414 524 1457 honorisque
541 1415 590 1448 sui
603 1419 708 1448 careat
724 1417 886 1459 dignitate
904 1442 910 1449 .
929 1428 1080 1458 reamque
1104 1428 1136 1449 se
1155 1416 1266 1448 divino
1285 1416 1408 1458 judicio
1424 1416 1560 1448 existere
1576 1416 1616 1448 de
1631 1418 1816 1458 perpetrata

330 1483 503 1525 iniquitate
519 1487 690 1527 cognoscat
707 1511 713 1516 .
732 1488 764 1517 et
779 1497 798 1517 a
810 1486 1022 1517 sacratissimo
1035 1496 1164 1527 corpore
1179 1488 1211 1516 et
1227 1485 1386 1527 sanguine
1402 1484 1465 1516 Dei
1481 1487 1513 1516 et
1529 1485 1653 1516 domini
1668 1485 1816 1527 redemp-

331 1553 410 1584 toris
437 1555 538 1586 nostri
564 1554 586 1586 J
590 1566 677 1586 nasu
707 1555 850 1587 offlam
879 1556 985 1588 aliena
1011 1556 1067 1587 fiat
1100 1581 1105 1587 .
1135 1557 1232 1597 atque
1258 1554 1292 1586 in
1320 1557 1463 1586 extremo
1490 1555 1639 1586 examine
1670 1554 1814 1587 districte

332 1622 498 1664 subjaceat
514 1624 640 1656 ultioni.
690 1624 822 1656 Cunctis
838 1628 946 1657 autem
966 1625 1072 1656 eidem
1087 1625 1155 1656 loco
1172 1635 1229 1656 sua
1244 1624 1319 1667 jura
1335 1623 1537 1656 servantibus
1553 1624 1594 1656 sit
1610 1635 1674 1666 pax
1690 1624 1816 1656 domini

332 1691 433 1723 nostri
454 1691 477 1724 J
479 1703 567 1724 Hssu
590 1692 732 1725 omum
756 1694 909 1736 quatinus
930 1697 960 1726 et
984 1694 1037 1726 hic
1060 1694 1203 1726 fructum
1225 1692 1309 1725 boue
1331 1693 1465 1725 actionis
1480 1693 1660 1735 percipiant
1676 1696 1708 1725 et
1729 1693 1816 1735 apud

333 1761 513 1793 districtum
530 1761 674 1804 judicem
690 1763 812 1804 premia
828 1768 937 1795 eterne
953 1763 1040 1805 pacis
1054 1763 1233 1795 inveniant.
1282 1763 1399 1794 Amen.
1447 1761 1566 1794 Amen.
1613 1761 1732 1794 Amen.

379 1829 448 1862 The
466 1835 629 1863 sentences
644 1832 677 1863 in
695 1832 750 1863 the
767 1833 901 1864 circular
916 1833 1024 1865 device
1041 1835 1073 1864 at
1090 1832 1146 1864 the
1162 1832 1231 1864 foot
1247 1843 1301 1864 are
1316 1843 1368 1863 :—

382 1899 399 1932 †
424 1899 562 1932 Sanctus
579 1900 714 1932 Pmuws
731 1927 737 1933 .
756 1901 893 1933 Sanctus
909 1902 1047 1933 Pmms
1065 1928 1071 1933 .
1089 1901 1308 1934 ALEXANDER
1324 1912 1408 1943 papa
1426 1906 1517 1932 1111¹¹⁸·
1539 1899 1670 1943 Suscipe
1687 1901 1816 1933 domine

335 1979 462 2000 servum
484 1974 577 2001 tuum
600 1970 633 2001 in
650 1970 770 2002 bonum
797 1971 895 2011 (Psal.
914 1982 1031 2003 cxviii.
1053 1972 1140 2011 122).
1188 1970 1262 2013 Ego
1277 1970 1497 2002 ALEXANDER
1514 1970 1669 2002 catholice
1687 1970 1816 2003 ecclesie

334 2037 507 2079 episcopus.
556 2038 600 2070 S'.
648 2042 656 2056 ‘
671 2039 760 2071 Bene
777 2039 902 2078 valcte,’
920 2041 954 2072 in
970 2052 990 2072 a
1005 2051 1205 2083 monogram.

381 2106 399 2139 †
425 2106 498 2149 Ego
515 2108 587 2139 Ono
604 2108 827 2141 Tuscmmns
843 2110 1018 2152 episcopus.
1068 2109 1112 2141 S'.

381 2176 399 2207 Τ
424 2176 498 2218 Ego
514 2176 718 2210 Svrsspuimrs
736 2178 975 2211 Punxmsrrmns
991 2179 1167 2221 episcopus,
1217 2178 1260 2210 S'.

383 2246 402 2277 †
427 2245 500 2288 Ego
531 2246 632 2279 frater
662 2247 683 2279 J
686 2250 854 2280 cummi&
886 2248 980 2280 titulo
1012 2248 1123 2281 Sancti
1155 2247 1353 2280 LAUREN‘rn
1386 2247 1420 2279 iu
1452 2246 1588 2279 Lucum
1621 2272 1627 2278 .
1660 2246 1819 2288 presbiter

335 2315 515 2347 cardinalis.
563 2315 607 2348 δ’.
