1998 2724
367 128 432 158 440

979 336 1149 369 ‹JOCCLL

326 418 694 452 GONFIRMATION
726 418 791 450 BY
822 417 1008 458 HENRY,
1040 418 1198 452 ABBOT
1229 419 1288 452 OF
1319 420 1380 452 ST.
1420 421 1622 462 PETER‘S,
1665 421 1808 454 GLOU-

436 488 625 528 GESTER,
672 488 732 520 OF
778 487 877 520 THE
923 487 1058 520 LAND
1104 488 1164 521 OF
1202 489 1425 522 WILLIAM
1464 490 1715 523 SOURLAGE
1754 490 1809 523 IN

434 557 711 596 LANDGEWI,
751 557 845 589 FOR
884 556 989 590 TWO
1030 557 1287 591 SHILLINGS
1325 559 1532 592 ANNUAL
1573 559 1710 599 RENT,
1751 559 1808 592 TO

434 627 645 659 MARGAM
669 626 843 659 ABBEY.

871 696 1048 739 [MARGAM
1072 696 1267 740 CHARTER]

368 779 477 812 Sciant
494 782 656 821 presentes
673 782 705 810 et
721 779 824 811 futuri
842 805 848 810 .
867 779 954 821 quod
970 790 1030 821 ego
1050 779 1079 809 H
1084 790 1226 811 immons
1244 779 1307 811 Dei
1324 780 1430 822 gratia
1442 779 1541 812 abbas
1554 779 1664 811 Sancti
1677 779 1786 812 PETRI
1801 806 1807 812 .

325 848 561 880 GLOUCESTRIE
600 851 632 879 et
670 847 817 890 ejusdem
848 848 909 880 loci
940 850 1117 880 conventus
1145 874 1151 880 .
1185 849 1396 880 concessimus
1427 852 1459 880 et
1490 848 1549 880 hac
1581 851 1668 880 carta
1700 850 1810 880 nostra

325 918 584 950 confirmavimus
600 917 838 950 venerabilibus
854 917 1010 950 fratribus
1025 920 1056 950 et
1080 918 1190 950 amicis
1215 918 1332 950 nostris
1349 945 1355 950 .
1374 917 1483 950 abbati
1509 921 1542 949 et
1567 917 1740 950 conventui
1770 918 1810 950 de

323 988 477 1020 MARGAN
496 1014 501 1019 .
520 990 639 1019 terram
655 987 747 1019 illam
762 987 797 1019 in
814 987 912 1019 feudo
929 988 968 1020 de
985 986 1180 1019 LANDGEWI
1206 1013 1212 1019 .
1239 998 1335 1029 quam
1361 986 1578 1019 WILLELMUS
1600 987 1782 1019 SCURLAGE
1800 1013 1807 1019 .

322 1057 412 1089 dedit
435 1057 563 1089 ecclesie
589 1057 699 1089 Sancti
716 1057 914 1089 MicHAELls
929 1058 969 1089 de
992 1057 1117 1088 Ewssm
1136 1082 1142 1088 .
1160 1060 1197 1088 ut
1220 1056 1362 1088 habeant
1386 1056 1536 1088 monachi
1558 1057 1597 1089 de
1625 1056 1781 1088 MARGAN
1800 1081 1807 1089 .

321 1127 498 1169 predictam
530 1130 649 1159 terram
686 1138 759 1158 cum
794 1126 944 1158 omnibus
978 1126 1181 1159 libertatibus
1205 1128 1236 1158 et
1265 1126 1462 1158 aisiamentis
1487 1126 1552 1158 suis
1581 1152 1586 1157 .
1614 1125 1750 1158 liberam
1775 1128 1808 1158 et

322 1197 466 1239 quietam
489 1196 530 1229 ab
543 1197 631 1229 omni
648 1196 777 1228 servitio
796 1222 802 1228 .
822 1196 1053 1228 consuetudine
1070 1222 1076 1227 .
1094 1198 1126 1227 et
1142 1195 1309 1227 exactione
1326 1221 1332 1227 .
1351 1195 1515 1227 reddendo
1538 1195 1614 1227 inde
1636 1194 1808 1227 annuatim

321 1267 401 1298 duos
416 1266 533 1298 solidos
549 1266 749 1298 solummodo
775 1291 781 1297 .
809 1265 938 1298 ecclesie
964 1265 1075 1297 Sancti
1096 1265 1294 1296 MianELis
1315 1265 1354 1296 de
1382 1264 1507 1296 EWENI
1535 1290 1541 1296 .
1565 1265 1606 1296 ad
1630 1264 1808 1296 terminum

320 1335 451 1368 Pasche.
499 1335 545 1367 Et
576 1347 634 1367 nos
661 1335 839 1377 predictam
866 1338 986 1367 terram
1009 1334 1143 1377 prefatis
1166 1334 1330 1366 monachis
1355 1360 1361 1365 .
1388 1336 1498 1366 contra
1523 1344 1632 1365 omnes
1656 1332 1803 1365 homines

322 1404 602 1437 warantizabimus
628 1404 663 1436 in
688 1406 890 1446 perpetuum.
938 1403 981 1435 In
1007 1403 1108 1446 hujus
1128 1403 1174 1435 rei
1198 1403 1421 1435 testimonium
1446 1414 1576 1445 presens
1592 1402 1748 1444 scriptum
1773 1402 1807 1434 in

321 1475 454 1506 modiun
482 1473 675 1516 cyrographi
705 1500 710 1505 .
737 1473 942 1505 confecimus.
990 1472 1094 1516 Cujus
1119 1484 1219 1504 unam
1250 1475 1375 1515 partem
1406 1472 1513 1515 sigillo
1545 1471 1673 1504 ecclesie
1701 1473 1809 1503 nostre

318 1544 479 1577 munitam
497 1569 504 1575 .
522 1543 673 1585 predictis
689 1543 799 1575 abbati
816 1546 847 1575 et
864 1543 1037 1574 conventui
1058 1543 1098 1574 de
1121 1542 1276 1574 MARGAN
1303 1542 1504 1574 tradidimus.
1553 1541 1703 1573 Alteram
1727 1551 1800 1573 vero

322 1616 447 1657 partem
463 1612 570 1656 sigillo
587 1612 730 1655 ejusdem
747 1612 871 1645 abbatis
887 1615 918 1644 et
936 1614 1112 1644 conventus
1138 1612 1177 1644 de
1204 1611 1356 1643 MARGAN
1382 1610 1565 1643 roboratam
1591 1637 1596 1642 .
1625 1621 1724 1653 penes
1752 1620 1810 1642 nos

321 1683 523 1716 retinuimus
572 1681 649 1713 Hiis
664 1681 801 1714 testibus
818 1707 824 1713 .
844 1681 950 1713 ADAM
967 1681 1071 1723 priore
1089 1707 1094 1712 .
1115 1680 1242 1713 THOMA
1259 1681 1425 1722 suppl-iore
1443 1706 1448 1712 .
1472 1679 1590 1711 DAvm
1606 1682 1684 1712 tunc
1701 1679 1806 1722 priore

323 1754 363 1786 de
386 1753 511 1785 EWENI
549 1779 555 1785 .
591 1752 812 1784 GILLEBERTO
844 1752 884 1782 de
919 1750 1116 1782 LEDEBnuA
1153 1776 1158 1781 .
1196 1749 1416 1782 Gumznfflzro
1443 1750 1483 1781 de
1515 1748 1767 1782 TURRERVILLA
1790 1772 1808 1795 y.

326 1823 506 1856 WALTERO
530 1821 653 1854 Luxu
678 1847 684 1853 .
711 1820 896 1853 STEPHANO
920 1820 1033 1852 clerico
1058 1845 1063 1851 .
1089 1820 1195 1852 ADAM
1221 1819 1416 1851 WALLENSE
1442 1845 1447 1851 .
1474 1822 1506 1851 et
1529 1818 1641 1851 multis
1664 1817 1745 1850 aliis.
1797 1852 1801 1857 l

369 1892 442 1925 Seal
458 1892 523 1924 and
539 1890 738 1923 counterseal
755 1889 788 1922 of
806 1889 992 1922 Gloucester
1008 1889 1137 1931 Abbey,
1154 1901 1188 1920 as
1204 1888 1323 1921 before.

370 1962 593 1994 Endorsed—‘
607 1960 705 1992 Carta
721 1959 847 1992 abbatis
864 1958 1062 1991 Gloucestrie
1078 1959 1117 1990 de
1134 1960 1219 1990 terra
1235 1958 1322 2000 apud
1339 1956 1519 2000 Langewi.'

369 2031 438 2064 'Phe
455 2031 543 2063 word
559 2040 812 2062 CYROGRAPHUM
830 2029 857 2060 is
872 2031 926 2060 cut
943 2028 1085 2071 through
1102 2030 1134 2060 at
1151 2027 1206 2059 the
1222 2034 1277 2070 top
1295 2027 1328 2059 of
1344 2027 1410 2059 this
1425 2027 1581 2058 indented
1596 2026 1686 2058 deed.

371 2101 411 2133 In
428 2100 563 2132 another
580 2111 661 2141 copy
674 2098 707 2131 of
724 2098 789 2130 this
805 2098 885 2130 deed
902 2098 936 2130 in
954 2097 1008 2130 the
1025 2109 1111 2129 same
1128 2097 1305 2137 collection,
1323 2096 1373 2128 for
1396 2096 1450 2128 thc
1470 2095 1570 2128 above
1595 2095 1757 2126 witnesses
1782 2093 1809 2125 is

326 2170 521 2203 substituted
539 2172 546 2186 ‘
560 2169 581 2201 J
585 2179 726 2201 OHANNE
743 2168 908 2210 capellano
925 2168 964 2199 de
981 2166 1105 2198 Ewrzm
1124 2168 1155 2198 et
1171 2166 1283 2198 multis
1298 2165 1391 2204 aliis,’
1409 2165 1473 2197 and
1490 2164 1670 2196 Sci’RLAGE
1686 2163 1713 2195 is
1728 2162 1810 2205 spelt

327 2244 334 2257 ‘
348 2238 573 2272 Scummonj
