1998 2724
1575 182 1637 213 601

853 411 1033 444 DLXXV.

201 494 353 528 LEASE
384 494 449 526 BY
481 493 629 526 SIMON
661 493 722 525 LE
754 493 874 526 VIKE
903 493 963 526 OF
993 493 1057 526 LA
1088 493 1380 526 LONGELOND
1413 493 1507 526 FOR
1538 493 1681 526 FOUR-

312 563 440 595 TEEN
472 562 629 594 YEARS
668 561 726 594 ΤΟ
766 562 978 595 MARGAM
1008 561 1184 602 ABBEY,
1218 562 1346 595 RENT
1378 562 1474 594 ONE
1506 562 1682 601 PENNY,

311 632 413 665 AND
445 631 688 664 FIFTY-SIX
719 631 978 665 SHILLINGS
1011 631 1353 664 BEFOREHAND.

731 713 906 756 [MARGAM
931 713 1126 757 CHARTER]
1252 714 1494 746 MmHAELMAs.
1544 715 1638 746 1252.

246 796 347 828 Anno
363 795 498 828 Domini
511 802 557 827 M0·
577 801 630 827 σοο-
650 796 918 838 quinquagesimo
931 797 1069 828 seeundo
1082 796 1116 828 in
1129 796 1210 828 festo
1223 802 1281 828 ete.
1302 822 1307 827 .
1328 822 1334 827 .
1354 822 1360 827 .
1380 823 1385 827 .
1407 797 1454 837 [nl
1467 796 1578 839 ¹supra]
1600 823 1605 828 .
1626 823 1631 828 .
1653 820 1658 826 .
1679 822 1685 828 .

203 865 359 898 THOMAM
383 865 532 898 abbatem
551 892 556 897 .
577 892 583 897 .
603 891 609 897 .
630 891 635 897 .
661 866 709 907 [ut
732 864 843 907 snpra]
865 891 870 896 .
892 891 896 896 .
918 892 922 896 .
944 892 949 897 .
969 865 1138 897 SYMONEM
1155 866 1185 898 le
1201 865 1273 897 Vn<
1292 892 1297 897 .
1319 891 1324 896 .
1345 892 1350 897 .
1371 892 1375 897 .
1399 865 1450 908 [ut
1466 865 1577 908 supra]
1599 893 1604 897 .
1626 892 1630 897 .
1652 892 1657 896 .
1679 892 1684 897 .

206 935 324 967 SYMON
341 935 476 967 tradidit
493 935 535 966 ad
550 935 677 966 firmam
700 934 795 966 dietis
818 934 928 966 abbati
951 938 983 966 et
1006 935 1178 966 conventui
1204 947 1301 967 unam
1325 939 1444 967 terram
1468 947 1530 977 que
1554 938 1688 967 vocatur

205 1003 418 1036 LONGELOND
429 1016 490 1046 que
498 1004 584 1046 jacet
603 1003 654 1046 [ch
666 1003 776 1046 supra]
792 1003 877 1036 inter
893 1007 1012 1035 terram
1029 1004 1188 1036 dictorum
1204 1004 1330 1036 abbatis
1347 1031 1352 1036 .
1373 1031 1379 1036 .
1399 1030 1405 1036 .
1427 1004 1478 1047 [at
1494 1004 1605 1047 supra]
1628 1030 1632 1036 .
1654 1031 1659 1036 .
1680 1030 1685 1036 .

204 1085 305 1115 usque
328 1073 369 1105 ad
392 1073 569 1105 terminum
597 1072 841 1114 quatuordeeim
871 1084 1031 1104 annorum
1061 1073 1208 1114 proximo
1240 1074 1446 1115 sequentium
1477 1074 1572 1116 plene
1603 1085 1687 1106 com-

204 1143 375 1185 pletorum.
401 1142 590 1174 Tenendam
606 1146 638 1174 et
654 1141 838 1174 habendam
853 1168 858 1173 .
874 1145 976 1174 totam
986 1142 1165 1184 predictam
1176 1146 1295 1174 terram
1311 1154 1368 1185 per
1383 1146 1489 1175 totum
1505 1143 1688 1185 predictum

204 1212 381 1243 terminum
397 1212 437 1243 de
454 1223 505 1243 ine
522 1211 662 1243 SYMONF,
680 1214 711 1243 et
727 1211 899 1243 heredibus
915 1212 994 1243 meis
1018 1212 1202 1243 memoratis
1219 1212 1328 1244 abbati
1352 1216 1384 1244 et
1400 1212 1575 1244 conventui
1590 1212 1690 1245 libere

204 1284 237 1313 et
253 1281 360 1323 quiete
376 1281 456 1313 bene
473 1286 504 1313 et
521 1282 555 1313 in
571 1293 658 1323 pace.
707 1281 887 1313 Reddendo
898 1281 973 1313 inde
985 1281 1122 1324 singulis
1135 1282 1228 1313 annis
1241 1281 1322 1313 mihi
1333 1281 1459 1314 S1Mox1
1473 1287 1504 1313 et
1518 1282 1689 1314 heredibus

204 1351 284 1382 meis
299 1350 377 1382 dieti
393 1350 491 1382 abbas
506 1353 539 1382 et
554 1353 731 1383 conventus
747 1362 851 1382 unum
867 1351 1036 1382 denarium
1054 1351 1181 1393 argenti
1197 1351 1231 1383 in
1251 1351 1333 1383 festo
1357 1351 1467 1383 Sancti
1492 1351 1690 1383 MicflAELis

204 1431 261 1462 pro
284 1419 433 1451 omnibus
454 1420 594 1452 serviciis
615 1423 647 1451 et
671 1421 840 1452 demandis
861 1425 928 1452 tam
956 1420 1118 1463 regalibus
1142 1432 1240 1462 quam
1267 1421 1347 1452 aliis.
1395 1421 1459 1452 Pro
1491 1421 1550 1452 hae
1580 1426 1689 1453 autem

205 1489 417 1521 conventione
433 1492 465 1520 et
481 1489 656 1521 traditione
672 1490 832 1522 dederuut
847 1490 946 1522 miehi
965 1491 1089 1522 &mom
1115 1490 1193 1521 dieti
1218 1489 1316 1522 abbas
1340 1494 1372 1522 et
1394 1494 1570 1522 conventus
1594 1476 1688 1533 quin-

206 1558 366 1600 quaginta
396 1562 428 1589 et
460 1570 515 1590 sex
550 1559 667 1591 solidos
702 1559 951 1602 esterlingorum
983 1571 1038 1601 pre
1073 1559 1223 1591 manibus
1257 1585 1262 1590 .
1290 1559 1399 1594 Quare
1423 1571 1483 1602 ego
1517 1559 1627 1592 SmoN
1659 1563 1691 1592 et

204 1627 336 1659 heredes
368 1627 432 1659 mei
459 1630 562 1660 totam
594 1628 772 1670 predictam
801 1632 921 1660 terram
944 1628 1094 1670 predictis
1118 1628 1228 1660 abbati
1251 1630 1283 1660 et
1306 1629 1479 1660 conventui
1502 1640 1559 1671 per
1581 1631 1689 1661 totum

202 1697 382 1738 predictum
406 1697 584 1729 terminum
608 1700 719 1729 contra
742 1709 852 1730 omnes
875 1699 1026 1730 mortales
1050 1698 1339 1730 warantizabimus.
1410 1698 1458 1730 Ut
1490 1702 1600 1730 autem
1631 1699 1688 1730 hee

200 1766 370 1798 conventio
386 1769 418 1798 et
433 1766 566 1798 traditio
581 1778 638 1809 per
654 1769 760 1799 totum
776 1768 953 1799 terminum
968 1767 1131 1799 firmitatis
1147 1767 1243 1800 robur
1267 1768 1412 1810 optineat
1436 1794 1442 1799 .
1469 1768 1544 1800 huie
1567 1769 1684 1811 scripto

202 1836 245 1868 ad
261 1837 394 1867 modum
411 1836 605 1878 cyrographi
628 1837 772 1868 confecto
796 1840 827 1869 et
851 1838 936 1870 inter
959 1842 1066 1879 partes
1082 1838 1184 1869 diviso
1202 1838 1320 1880 singna
1335 1838 1480 1879 parcium
1499 1838 1685 1870 alternatim

202 1908 278 1936 sunt
309 1915 459 1947 appensa.
521 1904 600 1936 Hiis
630 1905 767 1938 testibus
800 1932 805 1937 .
839 1906 981 1938 Domino
1005 1906 1049 1938 N.
1076 1906 1190 1938 Pom
1215 1932 1221 1938 .
1247 1907 1378 1939 domino
1401 1906 1619 1938 ALEXANDRO
1643 1908 1682 1938 de

203 1973 415 2005 CHEVERELL
433 2000 439 2006 .
459 1973 574 2006 PETRo
595 1974 683 2007 ORoc
706 1976 746 2007 de
770 1975 947 2007 OLVESTON
974 2002 980 2008 .
1006 1976 1170 2008 HENRmo
1193 1977 1233 2008 de
1257 1975 1386 2008 SToKEs
1411 2002 1417 2008 .
1443 1976 1621 2008 MAURICIO
1644 1977 1685 2008 de

203 2041 391 2073 CUMPTONE
409 2068 415 2074 .
435 2042 634 2075 GiLEBERTo
651 2043 763 2076 elerico
781 2070 787 2075 .
807 2043 987 2076 GALFRIDO
1004 2046 1043 2077 de
1059 2045 1180 2077 AWEL'
1199 2071 1204 2076 .
1224 2049 1255 2077 et
1271 2046 1352 2078 aliis.

247 2109 322 2141 Seal
338 2122 430 2152 gone.

245 2177 468 2211 Endorsed-—‘
483 2179 733 2222 Oyrographum
750 2181 902 2223 Symonis
920 2183 950 2214 le
966 2183 1033 2216 Vik
1049 2184 1089 2215 de
1106 2195 1172 2215 una
1187 2183 1281 2223 aera,’
1298 2185 1364 2216 and
1385 2183 1638 2226 ‘Langelonde.’

355 2380 408 2405 4Α
