1998 2724
1508 178 1570 209 583

828 336 934 370 DLV.

137 419 300 453 GRANT
335 419 401 452 BY
433 419 649 452 ENEAWN
682 419 745 452 AB
788 418 969 452 WRUNO
1009 418 1148 450 OHAM
1180 418 1239 450 OF
1267 417 1348 450 HIS
1382 416 1615 450 FATHER’S

246 488 380 521 LAND
426 487 666 521 BETWEEN
710 488 810 520 THE
849 488 993 521 GARW
1032 487 1133 520 AND
1173 487 1271 520 THE
1310 487 1517 525 OGMORE,
1556 487 1615 519 ΤΟ

248 557 459 590 MARGAM
482 557 655 590 ABBEY.

678 614 853 657 [MARGAM
878 613 1072 657 CHARTER]

178 695 337 729 Omnibus
352 695 384 728 S.
403 695 449 728 M.
469 708 496 729 e.
515 696 538 728 f.
556 708 586 738 p.
605 698 637 728 et
653 696 676 728 f.
695 695 854 727 ENEAWN
872 696 957 727 filius
974 695 1116 728 WRFNL'
1134 695 1238 728 Cam
1255 695 1400 728 salutem.

183 765 298 798 Sciatis
313 776 365 797 me
382 765 568 797 concessisse
584 770 616 797 et
632 765 756 797 dedisse
769 769 801 796 et
817 764 876 797 hac
893 767 979 797 carta
996 765 1197 797 confirmasse
1213 764 1284 796 Deo
1300 767 1332 796 et
1351 765 1480 796 ecclesie
1500 763 1617 796 Sancte

140 834 262 866 Mmzm
293 834 333 866 de
362 833 517 866 MARGAN
546 836 578 866 et
601 834 766 866 monachis
789 833 910 866 ibidem
933 834 1003 866 Deo
1027 833 1239 866 servientibus
1261 833 1295 865 in
1320 834 1493 866 elemosina
1515 835 1618 865 totam

139 906 258 936 terram
274 915 336 945 que
351 903 415 935 fuit
432 903 574 936 Wmmu
600 902 703 935 CHAM
720 904 821 945 patris
836 903 900 935 mei
916 903 1000 935 inter
1017 902 1150 935 GARWE
1166 906 1199 935 et
1214 902 1412 935 VGKEMORE
1429 902 1463 934 in
1479 902 1572 934 bosco
1588 904 1620 934 et

140 973 237 1015 plano
254 983 326 1004 cum
342 971 491 1005 omnibus
507 972 711 1015 pertinentiis
727 975 759 1004 et
774 971 978 1004 libertatibus
994 972 1059 1004 suis
1084 974 1116 1004 et
1137 972 1334 1004 aisiamentis
1352 998 1357 1003 .
1376 973 1417 1003 ad
1443 972 1620 1004 tenendum

139 1046 170 1074 et
203 1041 430 1084 possidendum
468 1041 567 1074 libere
591 1046 623 1073 et
648 1042 755 1084 quiete
781 1045 813 1074 et
837 1041 966 1084 pacifice
996 1068 1001 1073 .
1032 1041 1113 1073 sieut
1140 1041 1208 1073 ulla
1232 1041 1406 1073 elemosina
1430 1041 1562 1072 liberius
1588 1043 1621 1073 et

140 1111 280 1153 quietius
295 1111 398 1143 teneri
413 1113 527 1153 potest.
575 1111 622 1143 Et
644 1111 809 1143 sciendum
832 1112 918 1153 quod
941 1111 1049 1153 juravi
1073 1122 1168 1153 super
1190 1111 1372 1142 sanctuaria
1395 1111 1482 1152 quod
1505 1122 1565 1153 ego
1589 1112 1621 1142 et

139 1179 272 1212 heredes
294 1180 358 1212 mei
382 1179 660 1227 warentizabimus
682 1180 778 1212 istam
801 1180 978 1222 predictam
1004 1182 1124 1211 terram
1148 1179 1230 1211 sicut
1249 1180 1456 1211 elemosinam
1477 1182 1621 1212 nostram

140 1249 292 1291 predictis
307 1249 471 1281 monachis
487 1254 598 1281 contra
614 1260 724 1281 omnes
746 1252 895 1292 parentes
918 1252 1042 1281 nostros
1065 1249 1312 1291 imperpetuum.
1361 1248 1439 1280 Hiis
1460 1248 1595 1280 testibus
1612 1274 1618 1280 .

138 1317 280 1350 Mssnmc
306 1318 373 1350 filio
400 1318 526 1350 YTHEL
567 1344 572 1349 .
613 1318 802 1350 Roumm
834 1318 901 1350 filio
932 1317 1058 1350 YTHEL
1098 1343 1104 1349 .
1140 1317 1326 1350 CNAITHUR
1357 1318 1424 1350 filio
1455 1317 1579 1350 WILIM
1612 1344 1617 1349 .

141 1387 327 1420 CNAITHUR
356 1389 422 1420 filio
453 1387 579 1420 Ymm
604 1415 610 1420 .
635 1388 804 1421 JOHANNE
831 1388 898 1420 filio
922 1388 943 1420 J
948 1399 1058 1420 [snm
1093 1414 1099 1419 .
1132 1387 1297 1420 Bonum
1322 1388 1388 1420 filio
1413 1387 1538 1419 YmEL
1561 1387 1620 1420 filii

139 1456 362 1490 WINANWEL.

179 1525 403 1558 Endorsed—-‘
416 1526 561 1558 Donatio
577 1526 723 1558 Eneawn
740 1526 799 1558 filii
817 1526 948 1559 Wrunu
964 1526 1089 1558 Cham.’

813 1747 940 1779 DLVI.

137 1828 424 1864 QUIT-GLAIM
448 1828 513 1861 BY
537 1829 727 1862 ROBERT
753 1829 817 1861 DE
844 1829 1077 1862 PENNARD
1103 1829 1162 1862 OF
1190 1829 1323 1862 LAND
1341 1829 1405 1862 ΟΝ
1421 1829 1607 1862 MOUNT-

281 1897 448 1930 RALPH
485 1898 588 1931 AND
629 1898 906 1931 WEWORTHI
944 1898 1001 1930 TO
1041 1898 1252 1931 MARGAM
1290 1899 1463 1932 ABBEY.

677 1979 853 2023 [MARGAM
878 1979 1073 2023 CHARTER]

178 2061 338 2093 Omnibus
361 2061 478 2093 Sancte
493 2073 518 2093 e.
537 2062 561 2093 f.
579 2073 610 2104 p.
629 2064 660 2093 et
676 2061 795 2094 futuris
812 2087 818 2094 .
838 2061 1019 2094 Romanus
1035 2063 1075 2094 de
1088 2062 1259 2095 PENNARD
1277 2089 1282 2094 .
1301 2064 1448 2095 salutem.
1497 2062 1613 2095 Sciatis

129 2140 181 2162 me
197 2141 222 2162 e.
240 2132 272 2162 et
287 2131 318 2162 d.
336 2132 368 2162 et
383 2141 414 2172 p.
432 2142 493 2163 car.
511 2130 594 2162 conf.
613 2130 656 2163 D.
675 2133 707 2162 et
733 2143 759 2163 e.
778 2130 810 2163 S.
828 2130 876 2162 M.
896 2131 935 2162 de
951 2130 1107 2163 MARGAN
1124 2134 1156 2164 et
1177 2131 1224 2164 M.
1250 2132 1270 2164 i.
1296 2131 1338 2164 D.
1364 2132 1576 2164 servientibus
1601 2158 1607 2163 .

132 2201 251 2231 terram
267 2209 365 2241 quam
387 2199 526 2231 clamavi
549 2210 658 2231 versus
686 2198 913 2232 WILLELMUM
934 2200 1040 2232 filium
1063 2199 1203 2232 ALGEm
1231 2227 1237 2232 .
1264 2203 1297 2233 et
1322 2212 1456 2233 uxorem
1481 2200 1554 2243 ejus
1578 2200 1613 2233 in

131 2266 258 2299 Momm
273 2267 462 2300 RADULPHI
480 2293 486 2299 .
504 2268 587 2300 etin
603 2267 812 2301 Wsswomm
837 2294 844 2300 .
869 2268 904 2300 in
925 2268 1133 2301 elemosinam
1160 2295 1166 2301 .
1193 2272 1231 2302 ut
1253 2269 1395 2302 habeant
1421 2272 1454 2302 et
1480 2271 1612 2302 teneant
