1998 2724
1550 142 1614 173 279

169 299 354 332 innocentia
370 310 401 331 se
417 309 548 330 murum
563 298 759 331 defensionis
780 300 931 341 opponat.
979 297 1168 340 Specialiter
1190 300 1299 330 autem
1323 297 1432 330 dilecti
1456 298 1515 330 filii
1533 324 1539 330 .
1558 298 1656 332 abbas

168 373 200 401 et
216 369 331 401 fratres
348 369 387 400 de
406 367 561 400 MARGAN
585 366 836 399 Clsrnnmansls
859 366 980 398 ordinis
1003 368 1070 398 tam
1093 366 1133 398 de
1157 365 1380 408 frequentibus
1403 366 1533 408 injuriis
1558 379 1656 409 quam

167 440 207 471 de
229 439 297 481 ipso
322 438 482 470 cotidiano
506 436 636 468 defectu
658 436 784 479 justitie
811 438 1041 478 conquerentes
1067 462 1072 467 .
1098 435 1342 468 universitatem
1370 437 1510 467 vestram
1536 435 1653 469 litteris

165 507 330 551 petierunt
360 506 542 549 apostolicis
572 506 705 538 excitari
738 531 743 537 .
777 507 814 537 ut
845 505 890 537 ita
925 505 1073 537 videlicet
1104 504 1185 548 ei[s]
1221 505 1255 536 in
1289 504 1554 537 tribulationibus
1586 506 1653 538 suis

167 580 278 609 contra
294 576 516 608 malefactores
532 586 642 607 eorum
658 577 807 617 prompta
823 574 965 606 debeatis
980 573 1252 617 magnanimitate
1269 585 1460 616 consurgere
1478 600 1483 606 .
1502 575 1589 616 quod
1610 574 1650 607 ab

166 646 326 689 angustiis
342 657 421 688 quas
436 645 596 677 sustinent
616 648 647 676 et
666 644 820 686 pressuris
838 670 844 675 .
863 646 966 675 vestro
990 643 1112 685 possint
1135 644 1274 685 presidio
1296 644 1462 686 respirare.
1510 643 1652 686 Ideoque

166 716 351 748 discretioni
367 717 469 747 vestre
489 726 546 757 per
566 714 740 757 apostolica
763 713 879 755 scripta
903 713 1094 745 mandamus
1113 739 1118 744 .
1137 716 1233 755 atque
1256 713 1450 756 precipimus
1467 740 1472 745 .
1491 718 1650 755 quatenus

163 785 236 817 iilos
263 785 319 827 qui
345 784 556 827 possessiones
585 784 634 815 vel
660 794 710 815 res
735 809 741 814 .
767 794 823 814 seu
849 783 960 814 domos
986 782 1203 824 predictorum
1230 782 1368 814 fratrum
1401 782 1450 814 vel
1480 782 1649 815 hominum

164 865 295 886 suorum
311 854 522 885 irreverenter
536 853 714 885 invaserint
734 856 789 883 aut
812 863 849 883 ea
869 851 990 893 injuste
1013 851 1212 882 detinuerint
1235 863 1297 893 que
1320 851 1471 893 predictis
1493 851 1649 884 fratribus

163 936 204 956 ex
226 926 418 955 testamento
442 923 666 955 decedentium
690 921 919 963 relinquuntur
938 944 943 950 .
961 932 1014 952 seu
1040 921 1072 952 in
1096 920 1212 952 fratres
1235 920 1319 962 ipsos
1343 923 1453 952 contra
1476 921 1647 962 apostolice

163 993 248 1025 sedis
289 993 418 1024 indulta
464 992 657 1024 sententiam
702 990 1041 1023 excommunicationis
1085 994 1141 1021 aut
1187 989 1351 1021 interdicti
1397 991 1648 1032 presumpserint

161 1063 367 1106 promulgare
386 1088 392 1094 .
411 1063 461 1094 vel
477 1062 616 1094 decimas
630 1060 778 1093 laborum
798 1072 853 1092 seu
876 1059 1149 1091 nutrimentorum
1172 1059 1315 1101 ipsorum
1339 1059 1452 1100 spretis
1475 1059 1648 1101 apostolice

161 1133 244 1164 sedis
259 1132 440 1175 privilegiis
455 1135 644 1173 extorquere
662 1157 667 1162 .
686 1130 863 1162 monitione
884 1129 1038 1171 premissa
1062 1129 1088 1160 si
1111 1128 1184 1160 laici
1208 1128 1331 1160 fuen’nt
1354 1127 1481 1170 publice
1505 1129 1647 1161 candelis

161 1202 299 1234 accensis
330 1200 671 1234 excommunicationis
701 1199 862 1231 sententia
889 1198 1076 1241 percellatis.
1126 1197 1160 1229 Si
1188 1209 1262 1229 vero
1290 1197 1395 1229 clerici
1423 1197 1474 1230 vel
1501 1198 1647 1230 canonici

160 1271 323 1313 regulares
350 1282 405 1303 seu
431 1270 580 1302 monachi
606 1269 731 1301 fuerint
757 1281 810 1301 eos
837 1268 1052 1311 appellatione
1082 1270 1204 1299 remota
1233 1266 1273 1299 ab
1301 1267 1402 1299 officio
1430 1270 1462 1299 et
1492 1267 1646 1300 beneficio

162 1340 363 1382 suspendatis
381 1366 386 1372 .
404 1343 553 1372 neutram
576 1339 752 1371 relaxaturi
778 1339 971 1370 sententiam
996 1363 1001 1369 .
1025 1338 1125 1369 donec
1148 1337 1299 1379 predictis
1322 1336 1478 1369 fratribus
1501 1336 1645 1379 plenarie

160 1409 360 1441 satisfaciant
386 1435 392 1441 .
419 1412 451 1441 et
482 1411 551 1441 tam
582 1408 655 1440 laici
691 1418 788 1450 quam
821 1407 925 1439 clerici
955 1406 1110 1439 seculares
1141 1406 1197 1448 qui
1227 1417 1285 1448 pro
1315 1405 1457 1437 violenta
1488 1417 1645 1438 manuum

160 1478 334 1521 injectione
349 1478 565 1510 anathematis
581 1478 708 1510 vinculo
724 1477 848 1509 fuerint
863 1476 1010 1508 innodati
1027 1487 1100 1508 cum
1120 1475 1281 1508 diocesani
1302 1475 1441 1517 episcopi
1464 1475 1581 1507 fitteris
1603 1476 1646 1507 ad

161 1548 266 1579 sedem
283 1547 490 1589 apostolicam
506 1547 670 1578 venientes
686 1545 727 1578 ab
743 1546 855 1578 eodem
871 1545 999 1577 vinculo
1020 1548 1205 1576 mereantur
1227 1543 1358 1576 absolvi.
1406 1543 1457 1575 De
1480 1543 1646 1576 monachis

161 1627 236 1647 vero
255 1618 288 1648 et
306 1616 466 1648 canonicis
486 1614 688 1658 regularibus
712 1615 746 1646 id
769 1617 912 1647 servetur
932 1641 938 1646 .
960 1617 997 1646 ut
1020 1614 1046 1645 si
1069 1613 1214 1656 ejusdem
1238 1613 1369 1644 claustri
1392 1612 1508 1644 fratres
1530 1624 1647 1645 manus

158 1685 194 1716 in
210 1696 242 1717 se
257 1685 428 1728 injecerint
444 1685 601 1716 violentas
616 1695 674 1726 per
689 1684 838 1716 abbatem
857 1683 1023 1726 propriinn
1042 1708 1048 1714 .
1066 1683 1092 1714 si
1113 1693 1188 1714 vero
1211 1681 1308 1713 unius
1331 1682 1462 1713 claustri
1484 1681 1586 1713 frater
1608 1682 1643 1713 in

158 1753 292 1785 fratrem
325 1753 457 1786 alterius
493 1753 623 1786 claustri
658 1753 848 1795 hujusmodi
883 1751 1111 1795 presumpserit
1146 1751 1334 1783 violentiam
1371 1762 1515 1782 exercere
1548 1777 1553 1782 .
1586 1762 1644 1792 per

157 1823 314 1865 injuriam
329 1823 413 1865 passi
429 1826 461 1855 et
476 1822 645 1855 inferentis
661 1822 792 1854 abbates
808 1821 1018 1854 absolutionis
1033 1821 1225 1853 beneficium
1242 1822 1452 1862 assequantur
1470 1846 1476 1851 .
1495 1820 1593 1851 etiam
1615 1820 1641 1851 si

157 1903 268 1924 eorum
284 1893 383 1934 aliqui
399 1892 488 1934 prius
503 1903 601 1934 quam
616 1891 765 1924 habitum
780 1891 951 1933 reciperint
966 1890 1149 1933 regularem
1165 1890 1229 1921 tale
1245 1889 1369 1931 aliquid
1385 1889 1613 1921 commiserunt
1633 1915 1637 1920 .

155 1965 286 2004 propter
302 1962 388 2003 quod
402 1961 471 2003 ipso
487 1963 561 1993 actu
582 1960 921 1993 excommunicationis
942 1959 1136 1992 sententiam
1158 1958 1366 1990 incurrissent
1384 1984 1390 1990 .
1409 1958 1471 1990 nisi
1494 1969 1640 1990 excessus

157 2031 300 2073 ipsorum
322 2032 403 2062 esset
423 2030 561 2061 difficilis
577 2034 609 2062 et
628 2030 766 2062 enormis
784 2055 790 2061 .
807 2031 920 2071 utpote
944 2029 970 2061 si
993 2032 1074 2060 esset
1098 2029 1139 2059 ad
1162 2028 1401 2060 mutilationem
1424 2027 1560 2059 membri
1586 2027 1639 2059 vel

155 2100 324 2142 sanguinis
347 2099 533 2130 effusionem
555 2110 736 2141 processum
760 2102 817 2130 aut
839 2098 981 2130 violenta
1003 2109 1119 2129 manus
1141 2097 1176 2128 in
1201 2097 1384 2139 episcopum
1412 2096 1462 2128 vel
1489 2096 1639 2128 abbatem

155 2168 274 2210 injecta
289 2180 362 2200 cum
377 2179 522 2200 excessus
537 2168 618 2200 tales
633 2170 665 2200 et
681 2168 800 2199 similes
817 2167 883 2199 sine
900 2167 1049 2199 scandalo
1065 2169 1229 2208 nequeant
1244 2165 1401 2208 preteriri.
1450 2165 1485 2197 Si
1506 2176 1580 2196 vero
1601 2165 1636 2196 in

155 2237 283 2269 clericos
305 2237 461 2269 seculares
482 2248 597 2269 manus
619 2236 789 2279 injecerint
813 2262 819 2268 .
842 2247 899 2278 pro
923 2236 1056 2268 vitando
1083 2235 1232 2267 scandalo
1259 2235 1434 2267 mittantur
1460 2235 1500 2266 ad
1530 2234 1637 2265 sedem
