<?xml version="1.0" encoding="UTF-8"?>
<!DOCTYPE html PUBLIC "-//W3C//DTD XHTML 1.0 Transitional//EN"
    "http://www.w3.org/TR/xhtml1/DTD/xhtml1-transitional.dtd">
<html xmlns="http://www.w3.org/1999/xhtml" xml:lang="en" lang="en">
 <head>
  <title>
</title>
<meta http-equiv="Content-Type" content="text/html;charset=utf-8" />
  <meta name='ocr-system' content='tesseract 3.04.00' />
  <meta name='ocr-capabilities' content='ocr_page ocr_carea ocr_par ocr_line ocrx_word'/>
</head>
<body>
  <div class='ocr_page' id='page_1' title='image "./cartaeetaliamuni02claruoft_0155.png"; bbox 0 0 1998 2724; ppageno 0'>
   <div class='ocr_carea' id='block_1_1' title="bbox 1530 169 1591 199">
    <p class='ocr_par' dir='ltr' id='par_1_1' title="bbox 1530 169 1591 199">
     <span class='ocr_line' id='line_1_1' title="bbox 1530 169 1591 199; baseline 0 0"><span class='ocrx_word' id='word_1_1' title='bbox 1530 169 1591 199; x_wconf 82' lang='lat'>371</span> 
     </span>
    </p>
   </div>
   <div class='ocr_carea' id='block_1_2' title="bbox 156 326 1639 717">
    <p class='ocr_par' dir='ltr' id='par_1_2' title="bbox 156 326 1639 717">
     <span class='ocr_line' id='line_1_2' title="bbox 163 326 1639 370; baseline -0.001 -10"><span class='ocrx_word' id='word_1_2' title='bbox 163 331 303 360; x_wconf 79' lang='lat' dir='ltr'>nostram</span> <span class='ocrx_word' id='word_1_3' title='bbox 320 327 473 370; x_wconf 80' lang='lat' dir='ltr'>predictis</span> <span class='ocrx_word' id='word_1_4' title='bbox 488 327 653 359; x_wconf 76' lang='lat' dir='ltr'>monachis</span> <span class='ocrx_word' id='word_1_5' title='bbox 669 331 779 359; x_wconf 85' lang='lat' dir='ltr'>contra</span> <span class='ocrx_word' id='word_1_6' title='bbox 804 339 914 359; x_wconf 84' lang='lat' dir='ltr'>omnes</span> <span class='ocrx_word' id='word_1_7' title='bbox 936 329 1085 369; x_wconf 83' lang='lat' dir='ltr'>parentes</span> <span class='ocrx_word' id='word_1_8' title='bbox 1107 329 1232 359; x_wconf 83' lang='lat' dir='ltr'>nostros</span> <span class='ocrx_word' id='word_1_9' title='bbox 1255 327 1289 358; x_wconf 86' lang='lat' dir='ltr'>in</span> <span class='ocrx_word' id='word_1_10' title='bbox 1312 328 1514 369; x_wconf 82' lang='lat' dir='ltr'>perpetuum.</span> <span class='ocrx_word' id='word_1_11' title='bbox 1561 326 1639 358; x_wconf 88' lang='lat' dir='ltr'>Hiis</span> 
     </span>
     <span class='ocr_line' id='line_1_3' title="bbox 158 394 1639 438; baseline -0.003 -8"><span class='ocrx_word' id='word_1_12' title='bbox 158 397 293 430; x_wconf 78' lang='lat' dir='ltr'>testibus</span> <span class='ocrx_word' id='word_1_13' title='bbox 325 422 330 428; x_wconf 93' lang='lat'>.</span> <span class='ocrx_word' id='word_1_14' title='bbox 363 397 505 429; x_wconf 76' lang='lat' dir='ltr'>MEmuc</span> <span class='ocrx_word' id='word_1_15' title='bbox 536 397 602 429; x_wconf 89' lang='lat' dir='ltr'>filio</span> <span class='ocrx_word' id='word_1_16' title='bbox 633 396 758 429; x_wconf 43' lang='lat' dir='ltr'>YrrHEL</span> <span class='ocrx_word' id='word_1_17' title='bbox 792 423 797 428; x_wconf 94' lang='lat'>.</span> <span class='ocrx_word' id='word_1_18' title='bbox 834 397 1020 429; x_wconf 46' lang='lat' dir='ltr'>Romarm</span> <span class='ocrx_word' id='word_1_19' title='bbox 1051 396 1137 428; x_wconf 82' lang='lat' dir='ltr'>filius</span> <span class='ocrx_word' id='word_1_20' title='bbox 1168 397 1232 438; x_wconf 74' lang='lat' dir='ltr'>(sic)</span> <span class='ocrx_word' id='word_1_21' title='bbox 1264 395 1389 428; x_wconf 79' lang='lat' dir='ltr'><strong>YTHEL</strong></span> <span class='ocrx_word' id='word_1_22' title='bbox 1418 422 1424 427; x_wconf 87' lang='grc'><em>.</em></span> <span class='ocrx_word' id='word_1_23' title='bbox 1454 394 1639 427; x_wconf 82' lang='lat' dir='ltr'>CNAITHUR</span> 
     </span>
     <span class='ocr_line' id='line_1_4' title="bbox 156 464 1639 499; baseline -0.001 -1"><span class='ocrx_word' id='word_1_24' title='bbox 156 467 224 499; x_wconf 80' lang='lat' dir='ltr'>fflio</span> <span class='ocrx_word' id='word_1_25' title='bbox 249 465 373 498; x_wconf 73' lang='lat' dir='ltr'>Wmm</span> <span class='ocrx_word' id='word_1_26' title='bbox 391 491 398 498; x_wconf 90' lang='lat'><strong>.</strong></span> <span class='ocrx_word' id='word_1_27' title='bbox 417 465 613 498; x_wconf 75' lang='lat' dir='ltr'>CNAITHUR&#39;</span> <span class='ocrx_word' id='word_1_28' title='bbox 631 466 697 498; x_wconf 85' lang='lat' dir='ltr'>filio</span> <span class='ocrx_word' id='word_1_29' title='bbox 721 465 846 498; x_wconf 66' lang='lat' dir='ltr'>Ymm</span> <span class='ocrx_word' id='word_1_30' title='bbox 868 492 874 498; x_wconf 86' lang='lat'><strong>.</strong></span> <span class='ocrx_word' id='word_1_31' title='bbox 896 466 1060 498; x_wconf 79' lang='lat' dir='ltr'><strong>JOHANNE</strong></span> <span class='ocrx_word' id='word_1_32' title='bbox 1082 466 1148 498; x_wconf 83' lang='lat' dir='ltr'>filio</span> <span class='ocrx_word' id='word_1_33' title='bbox 1167 465 1190 498; x_wconf 84' lang='lat' dir='ltr'>J</span> <span class='ocrx_word' id='word_1_34' title='bbox 1195 476 1305 498; x_wconf 79' lang='lat' dir='ltr'>USTINI</span> <span class='ocrx_word' id='word_1_35' title='bbox 1327 491 1332 496; x_wconf 95' lang='lat'>.</span> <span class='ocrx_word' id='word_1_36' title='bbox 1357 464 1548 497; x_wconf 51' lang='lat' dir='ltr'>Romam&gt;-</span> <span class='ocrx_word' id='word_1_37' title='bbox 1573 465 1639 497; x_wconf 88' lang='lat' dir='ltr'>filio</span> 
     </span>
     <span class='ocr_line' id='line_1_5' title="bbox 163 535 613 569; baseline 0 0"><span class='ocrx_word' id='word_1_38' title='bbox 163 536 288 569; x_wconf 67' lang='lat' dir='ltr'>YTHEL</span> <span class='ocrx_word' id='word_1_39' title='bbox 305 562 311 567; x_wconf 95' lang='lat'>.</span> <span class='ocrx_word' id='word_1_40' title='bbox 329 535 374 568; x_wconf 86' lang='lat' dir='ltr'>ffl’</span> <span class='ocrx_word' id='word_1_41' title='bbox 391 535 613 569; x_wconf 77' lang='lat' dir='ltr'>WINANWEL.</span> 
     </span>
     <span class='ocr_line' id='line_1_6' title="bbox 203 603 1630 647; baseline -0.001 -10"><span class='ocrx_word' id='word_1_42' title='bbox 203 605 342 637; x_wconf 82' lang='lat' dir='ltr'>Pointed</span> <span class='ocrx_word' id='word_1_43' title='bbox 365 604 439 636; x_wconf 84' lang='lat' dir='ltr'>oval</span> <span class='ocrx_word' id='word_1_44' title='bbox 462 605 537 643; x_wconf 85' lang='lat' dir='ltr'>seal,</span> <span class='ocrx_word' id='word_1_45' title='bbox 561 605 642 636; x_wconf 76' lang='lat' dir='ltr'>dark</span> <span class='ocrx_word' id='word_1_46' title='bbox 665 616 764 647; x_wconf 82' lang='lat' dir='ltr'>green</span> <span class='ocrx_word' id='word_1_47' title='bbox 793 616 873 643; x_wconf 77' lang='lat' dir='ltr'>wax,</span> <span class='ocrx_word' id='word_1_48' title='bbox 898 604 1076 647; x_wconf 76' lang='lat' dir='ltr'>imperfect,</span> <span class='ocrx_word' id='word_1_49' title='bbox 1103 604 1189 646; x_wconf 52' lang='lat' dir='ltr'>igin.</span> <span class='ocrx_word' id='word_1_50' title='bbox 1213 604 1258 646; x_wconf 87' lang='lat' dir='ltr'>by</span> <span class='ocrx_word' id='word_1_51' title='bbox 1286 604 1372 642; x_wconf 89' lang='lat' dir='ltr'>lin.;</span> <span class='ocrx_word' id='word_1_52' title='bbox 1401 615 1420 635; x_wconf 85' lang='lat' dir='ltr'>a</span> <span class='ocrx_word' id='word_1_53' title='bbox 1445 603 1630 645; x_wconf 84' lang='lat' dir='ltr'>lance-flag.</span> 
     </span>
     <span class='ocr_line' id='line_1_7' title="bbox 505 673 1284 717; baseline -0.001 -11"><span class='ocrx_word' id='word_1_54' title='bbox 505 678 512 690; x_wconf 82' lang='lat'>‘</span> <span class='ocrx_word' id='word_1_55' title='bbox 528 674 581 717; x_wconf 57' lang='lat'>[4-</span> <span class='ocrx_word' id='word_1_56' title='bbox 598 674 739 717; x_wconf 70' lang='lat' dir='ltr'>31]G1LL⁷</span> <span class='ocrx_word' id='word_1_57' title='bbox 768 685 898 706; x_wconf 74' lang='lat' dir='ltr'>EN1AUN</span> <span class='ocrx_word' id='word_1_58' title='bbox 924 674 989 706; x_wconf 74' lang='lat' dir='ltr'>FIL’</span> <span class='ocrx_word' id='word_1_59' title='bbox 1014 685 1118 707; x_wconf 84' lang='lat' dir='ltr'>WRUN</span> <span class='ocrx_word' id='word_1_60' title='bbox 1137 700 1272 705; x_wconf 91' lang='grc'><em>......</em></span> <span class='ocrx_word' id='word_1_61' title='bbox 1278 673 1284 687; x_wconf 87' lang='grc'><strong><em>’</em></strong></span> 
     </span>
    </p>
   </div>
   <div class='ocr_carea' id='block_1_3' title="bbox 182 742 1248 786">
    <p class='ocr_par' dir='ltr' id='par_1_3' title="bbox 182 742 1248 786">
     <span class='ocr_line' id='line_1_8' title="bbox 182 742 1248 786; baseline -0.002 -9"><span class='ocrx_word' id='word_1_62' title='bbox 182 744 404 777; x_wconf 84' lang='lat' dir='ltr'>Endorsed—‘</span> <span class='ocrx_word' id='word_1_63' title='bbox 416 744 555 776; x_wconf 78' lang='lat' dir='ltr'>Eniawn</span> <span class='ocrx_word' id='word_1_64' title='bbox 572 744 657 775; x_wconf 80' lang='lat' dir='ltr'>filius</span> <span class='ocrx_word' id='word_1_65' title='bbox 674 742 805 775; x_wconf 88' lang='lat' dir='ltr'>Wrunu</span> <span class='ocrx_word' id='word_1_66' title='bbox 822 743 924 776; x_wconf 79' lang='lat' dir='ltr'>Oham</span> <span class='ocrx_word' id='word_1_67' title='bbox 941 745 980 775; x_wconf 88' lang='lat' dir='ltr'>de</span> <span class='ocrx_word' id='word_1_68' title='bbox 997 743 1248 786; x_wconf 80' lang='lat' dir='ltr'>Kevenmahaj.&#39;</span> 
     </span>
    </p>
   </div>
   <div class='ocr_carea' id='block_1_4' title="bbox 783 908 1010 942">
    <p class='ocr_par' dir='ltr' id='par_1_4' title="bbox 783 908 1010 942">
     <span class='ocr_line' id='line_1_9' title="bbox 783 908 1010 942; baseline 0 -2"><span class='ocrx_word' id='word_1_69' title='bbox 783 908 1010 942; x_wconf 80' lang='lat' dir='ltr'>CCCLXXV.</span> 
     </span>
    </p>
   </div>
   <div class='ocr_carea' id='block_1_5' title="bbox 161 990 1640 1099">
    <p class='ocr_par' dir='ltr' id='par_1_5' title="bbox 161 990 1640 1099">
     <span class='ocr_line' id='line_1_10' title="bbox 161 990 1640 1030; baseline -0.002 -4"><span class='ocrx_word' id='word_1_70' title='bbox 161 990 446 1027; x_wconf 78' lang='lat' dir='ltr'><strong>QUIT-OLAIM</strong></span> <span class='ocrx_word' id='word_1_71' title='bbox 470 990 748 1029; x_wconf 73' lang='lat' dir='ltr'>BYHOWEL,</span> <span class='ocrx_word' id='word_1_72' title='bbox 773 990 862 1022; x_wconf 79' lang='lat' dir='ltr'>SON</span> <span class='ocrx_word' id='word_1_73' title='bbox 887 990 946 1022; x_wconf 83' lang='lat' dir='ltr'>OF</span> <span class='ocrx_word' id='word_1_74' title='bbox 979 990 1160 1023; x_wconf 80' lang='lat' dir='ltr'><strong>WRONU</strong></span> <span class='ocrx_word' id='word_1_75' title='bbox 1193 990 1298 1030; x_wconf 82' lang='lat' dir='ltr'>COH,</span> <span class='ocrx_word' id='word_1_76' title='bbox 1330 990 1390 1022; x_wconf 87' lang='lat' dir='ltr'>OF</span> <span class='ocrx_word' id='word_1_77' title='bbox 1423 990 1554 1023; x_wconf 82' lang='lat' dir='ltr'>LAND</span> <span class='ocrx_word' id='word_1_78' title='bbox 1587 990 1640 1023; x_wconf 89' lang='lat' dir='ltr'>IN</span> 
     </span>
     <span class='ocr_line' id='line_1_11' title="bbox 265 1059 1639 1099; baseline -0.001 -6"><span class='ocrx_word' id='word_1_79' title='bbox 265 1060 364 1093; x_wconf 81' lang='lat' dir='ltr'>THE</span> <span class='ocrx_word' id='word_1_80' title='bbox 394 1060 507 1093; x_wconf 81' lang='lat' dir='ltr'>NEW</span> <span class='ocrx_word' id='word_1_81' title='bbox 535 1060 676 1093; x_wconf 92' lang='lat' dir='ltr'>WOLD</span> <span class='ocrx_word' id='word_1_82' title='bbox 703 1060 756 1092; x_wconf 91' lang='lat' dir='ltr'>IN</span> <span class='ocrx_word' id='word_1_83' title='bbox 784 1059 919 1093; x_wconf 86' lang='lat' dir='ltr'>AVAN</span> <span class='ocrx_word' id='word_1_84' title='bbox 944 1059 1123 1099; x_wconf 75' lang='lat' dir='ltr'>MARSH,</span> <span class='ocrx_word' id='word_1_85' title='bbox 1147 1060 1204 1091; x_wconf 87' lang='lat' dir='ltr'>TO</span> <span class='ocrx_word' id='word_1_86' title='bbox 1231 1059 1442 1092; x_wconf 80' lang='lat' dir='ltr'>MARGAM</span> <span class='ocrx_word' id='word_1_87' title='bbox 1466 1059 1639 1093; x_wconf 84' lang='lat' dir='ltr'><strong>ABBEY.</strong></span> 
     </span>
    </p>
   </div>
   <div class='ocr_carea' id='block_1_6' title="bbox 149 1141 1639 2236">
    <p class='ocr_par' dir='ltr' id='par_1_6' title="bbox 700 1141 1094 1185">
     <span class='ocr_line' id='line_1_12' title="bbox 700 1141 1094 1185; baseline -0.003 -11"><span class='ocrx_word' id='word_1_88' title='bbox 700 1142 875 1185; x_wconf 74' lang='lat' dir='ltr'>[MARGAM</span> <span class='ocrx_word' id='word_1_89' title='bbox 900 1141 1094 1185; x_wconf 67' lang='lat' dir='ltr'>CHARTER]</span> 
     </span>
    </p>

    <p class='ocr_par' dir='ltr' id='par_1_7' title="bbox 156 1223 1639 1326">
     <span class='ocr_line' id='line_1_13' title="bbox 199 1223 1639 1266; baseline -0.001 -9"><span class='ocrx_word' id='word_1_90' title='bbox 199 1224 369 1257; x_wconf 85' lang='lat' dir='ltr'>Universis</span> <span class='ocrx_word' id='word_1_91' title='bbox 388 1223 536 1257; x_wconf 70' lang='lat' dir='ltr'>CnmsTo</span> <span class='ocrx_word' id='word_1_92' title='bbox 551 1223 701 1256; x_wconf 85' lang='lat' dir='ltr'>fidelibus</span> <span class='ocrx_word' id='word_1_93' title='bbox 716 1236 747 1266; x_wconf 84' lang='lat' dir='ltr'>p.</span> <span class='ocrx_word' id='word_1_94' title='bbox 763 1235 786 1256; x_wconf 84' lang='lat' dir='ltr'>s.</span> <span class='ocrx_word' id='word_1_95' title='bbox 801 1224 893 1256; x_wconf 73' lang='lat' dir='ltr'>v.v01</span> <span class='ocrx_word' id='word_1_96' title='bbox 912 1236 930 1256; x_wconf 76' lang='lat' dir='ltr'><strong>a</strong></span> <span class='ocrx_word' id='word_1_97' title='bbox 944 1251 949 1255; x_wconf 96' lang='lat'>.</span> <span class='ocrx_word' id='word_1_98' title='bbox 965 1224 1142 1256; x_wconf 68' lang='lat' dir='ltr'>HOWELUS</span> <span class='ocrx_word' id='word_1_99' title='bbox 1159 1224 1243 1256; x_wconf 86' lang='lat' dir='ltr'>filius</span> <span class='ocrx_word' id='word_1_100' title='bbox 1255 1223 1393 1256; x_wconf 66' lang='lat' dir='ltr'>Wnoiw</span> <span class='ocrx_word' id='word_1_101' title='bbox 1412 1223 1485 1256; x_wconf 68' lang='lat' dir='ltr'>Con</span> <span class='ocrx_word' id='word_1_102' title='bbox 1502 1224 1639 1256; x_wconf 72' lang='lat' dir='ltr'>salutem</span> 
     </span>
     <span class='ocr_line' id='line_1_14' title="bbox 156 1293 357 1326; baseline -0.005 0"><span class='ocrx_word' id='word_1_103' title='bbox 156 1294 190 1326; x_wconf 88' lang='lat' dir='ltr'>in</span> <span class='ocrx_word' id='word_1_104' title='bbox 205 1293 357 1326; x_wconf 86' lang='lat' dir='ltr'>Domino.</span> 
     </span>
    </p>

    <p class='ocr_par' dir='ltr' id='par_1_8' title="bbox 149 1362 1637 2236">
     <span class='ocr_line' id='line_1_15' title="bbox 199 1362 1637 1405; baseline -0.001 -10"><span class='ocrx_word' id='word_1_105' title='bbox 199 1362 337 1395; x_wconf 74' lang='lat' dir='ltr'>Noverit</span> <span class='ocrx_word' id='word_1_106' title='bbox 359 1363 552 1395; x_wconf 74' lang='lat' dir='ltr'><strong>universitas</strong></span> <span class='ocrx_word' id='word_1_107' title='bbox 575 1366 679 1395; x_wconf 70' lang='lat' dir='ltr'>vestra</span> <span class='ocrx_word' id='word_1_108' title='bbox 703 1364 788 1405; x_wconf 87' lang='lat' dir='ltr'>quod</span> <span class='ocrx_word' id='word_1_109' title='bbox 813 1374 873 1405; x_wconf 77' lang='lat' dir='ltr'>ego</span> <span class='ocrx_word' id='word_1_110' title='bbox 897 1363 1028 1395; x_wconf 78' lang='lat' dir='ltr'>consilio</span> <span class='ocrx_word' id='word_1_111' title='bbox 1052 1365 1083 1395; x_wconf 85' lang='lat' dir='ltr'>et</span> <span class='ocrx_word' id='word_1_112' title='bbox 1114 1374 1270 1395; x_wconf 78' lang='lat' dir='ltr'>consensu</span> <span class='ocrx_word' id='word_1_113' title='bbox 1293 1363 1468 1394; x_wconf 79' lang='lat' dir='ltr'>amicorum</span> <span class='ocrx_word' id='word_1_114' title='bbox 1491 1374 1637 1395; x_wconf 83' lang='lat' dir='ltr'>meorum</span> 
     </span>
     <span class='ocr_line' id='line_1_16' title="bbox 156 1431 1633 1475; baseline -0.001 -11"><span class='ocrx_word' id='word_1_115' title='bbox 156 1432 284 1475; x_wconf 79' lang='lat' dir='ltr'>quitum</span> <span class='ocrx_word' id='word_1_116' title='bbox 299 1432 435 1464; x_wconf 79' lang='lat' dir='ltr'>clamavi</span> <span class='ocrx_word' id='word_1_117' title='bbox 451 1434 482 1464; x_wconf 77' lang='lat' dir='ltr'>et</span> <span class='ocrx_word' id='word_1_118' title='bbox 498 1431 647 1475; x_wconf 80' lang='lat' dir='ltr'>abjuravi</span> <span class='ocrx_word' id='word_1_119' title='bbox 662 1434 694 1464; x_wconf 81' lang='lat' dir='ltr'>et</span> <span class='ocrx_word' id='word_1_120' title='bbox 710 1431 770 1464; x_wconf 81' lang='lat' dir='ltr'>hac</span> <span class='ocrx_word' id='word_1_121' title='bbox 787 1433 927 1474; x_wconf 71' lang='lat' dir='ltr'>presenti</span> <span class='ocrx_word' id='word_1_122' title='bbox 944 1434 1030 1464; x_wconf 78' lang='lat' dir='ltr'>carta</span> <span class='ocrx_word' id='word_1_123' title='bbox 1046 1432 1232 1464; x_wconf 76' lang='lat' dir='ltr'>confirmavi</span> <span class='ocrx_word' id='word_1_124' title='bbox 1249 1432 1320 1464; x_wconf 90' lang='lat' dir='ltr'>Deo</span> <span class='ocrx_word' id='word_1_125' title='bbox 1336 1434 1367 1464; x_wconf 83' lang='lat' dir='ltr'>et</span> <span class='ocrx_word' id='word_1_126' title='bbox 1383 1432 1511 1464; x_wconf 74' lang='lat' dir='ltr'>ecclesie</span> <span class='ocrx_word' id='word_1_127' title='bbox 1528 1432 1568 1464; x_wconf 89' lang='lat' dir='ltr'>B.</span> <span class='ocrx_word' id='word_1_128' title='bbox 1586 1432 1633 1464; x_wconf 86' lang='lat' dir='ltr'>M.</span> 
     </span>
     <span class='ocr_line' id='line_1_17' title="bbox 154 1501 1634 1543; baseline -0.001 -9"><span class='ocrx_word' id='word_1_129' title='bbox 154 1502 194 1534; x_wconf 85' lang='lat' dir='ltr'>de</span> <span class='ocrx_word' id='word_1_130' title='bbox 219 1501 373 1533; x_wconf 78' lang='lat' dir='ltr'>MARGAN</span> <span class='ocrx_word' id='word_1_131' title='bbox 398 1527 403 1533; x_wconf 92' lang='lat'><em>.</em></span> <span class='ocrx_word' id='word_1_132' title='bbox 431 1504 463 1533; x_wconf 86' lang='lat' dir='ltr'>et</span> <span class='ocrx_word' id='word_1_133' title='bbox 483 1513 525 1533; x_wconf 90' lang='lat' dir='ltr'>m.</span> <span class='ocrx_word' id='word_1_134' title='bbox 548 1501 568 1533; x_wconf 93' lang='lat' dir='ltr'>i.</span> <span class='ocrx_word' id='word_1_135' title='bbox 596 1501 636 1533; x_wconf 91' lang='lat' dir='ltr'>D.</span> <span class='ocrx_word' id='word_1_136' title='bbox 657 1513 679 1533; x_wconf 84' lang='lat' dir='ltr'>s.</span> <span class='ocrx_word' id='word_1_137' title='bbox 710 1504 815 1533; x_wconf 81' lang='lat' dir='ltr'>totum</span> <span class='ocrx_word' id='word_1_138' title='bbox 845 1502 998 1533; x_wconf 78' lang='lat' dir='ltr'>clamium</span> <span class='ocrx_word' id='word_1_139' title='bbox 1029 1513 1137 1533; x_wconf 85' lang='lat' dir='ltr'>meum</span> <span class='ocrx_word' id='word_1_140' title='bbox 1165 1502 1251 1543; x_wconf 82' lang='lat' dir='ltr'>quod</span> <span class='ocrx_word' id='word_1_141' title='bbox 1277 1501 1377 1534; x_wconf 82' lang='lat' dir='ltr'>habui</span> <span class='ocrx_word' id='word_1_142' title='bbox 1404 1501 1491 1533; x_wconf 71' lang='lat' dir='ltr'>infra</span> <span class='ocrx_word' id='word_1_143' title='bbox 1517 1513 1634 1534; x_wconf 81' lang='lat' dir='ltr'>novam</span> 
     </span>
     <span class='ocr_line' id='line_1_18' title="bbox 153 1570 1633 1613; baseline 0.001 -11"><span class='ocrx_word' id='word_1_144' title='bbox 153 1570 317 1603; x_wconf 74' lang='lat' dir='ltr'>WALDAM</span> <span class='ocrx_word' id='word_1_145' title='bbox 333 1570 368 1602; x_wconf 90' lang='lat' dir='ltr'>in</span> <span class='ocrx_word' id='word_1_146' title='bbox 383 1571 516 1603; x_wconf 79' lang='lat' dir='ltr'>marisco</span> <span class='ocrx_word' id='word_1_147' title='bbox 533 1571 571 1602; x_wconf 87' lang='lat' dir='ltr'>de</span> <span class='ocrx_word' id='word_1_148' title='bbox 582 1570 710 1602; x_wconf 36' lang='lat' dir='ltr'>Ans-ENA</span> <span class='ocrx_word' id='word_1_149' title='bbox 726 1573 757 1603; x_wconf 81' lang='lat' dir='ltr'>et</span> <span class='ocrx_word' id='word_1_150' title='bbox 775 1572 814 1603; x_wconf 82' lang='lat' dir='ltr'>de</span> <span class='ocrx_word' id='word_1_151' title='bbox 830 1571 943 1603; x_wconf 64' lang='lat' dir='ltr'>Mens</span> <span class='ocrx_word' id='word_1_152' title='bbox 959 1573 991 1602; x_wconf 85' lang='lat' dir='ltr'>et</span> <span class='ocrx_word' id='word_1_153' title='bbox 1007 1573 1112 1602; x_wconf 80' lang='lat' dir='ltr'>totum</span> <span class='ocrx_word' id='word_1_154' title='bbox 1128 1571 1182 1613; x_wconf 84' lang='lat' dir='ltr'>jus</span> <span class='ocrx_word' id='word_1_155' title='bbox 1198 1571 1282 1612; x_wconf 86' lang='lat' dir='ltr'>quod</span> <span class='ocrx_word' id='word_1_156' title='bbox 1296 1570 1441 1603; x_wconf 80' lang='lat' dir='ltr'>dicebam</span> <span class='ocrx_word' id='word_1_157' title='bbox 1454 1583 1505 1603; x_wconf 91' lang='lat' dir='ltr'>me</span> <span class='ocrx_word' id='word_1_158' title='bbox 1514 1570 1633 1603; x_wconf 77' lang='lat' dir='ltr'>habere</span> 
     </span>
     <span class='ocr_line' id='line_1_19' title="bbox 152 1639 1633 1682; baseline 0.001 -10"><span class='ocrx_word' id='word_1_159' title='bbox 152 1640 186 1672; x_wconf 88' lang='lat' dir='ltr'>in</span> <span class='ocrx_word' id='word_1_160' title='bbox 203 1640 315 1672; x_wconf 85' lang='lat' dir='ltr'>eodem</span> <span class='ocrx_word' id='word_1_161' title='bbox 330 1640 463 1672; x_wconf 82' lang='lat' dir='ltr'>marisco</span> <span class='ocrx_word' id='word_1_162' title='bbox 479 1642 511 1672; x_wconf 89' lang='lat' dir='ltr'>et</span> <span class='ocrx_word' id='word_1_163' title='bbox 529 1640 564 1672; x_wconf 84' lang='lat' dir='ltr'>in</span> <span class='ocrx_word' id='word_1_164' title='bbox 588 1639 737 1672; x_wconf 83' lang='lat' dir='ltr'>omuibus</span> <span class='ocrx_word' id='word_1_165' title='bbox 762 1641 853 1672; x_wconf 73' lang='lat' dir='ltr'>tei-iis</span> <span class='ocrx_word' id='word_1_166' title='bbox 879 1640 1095 1682; x_wconf 82' lang='lat' dir='ltr'>predictorum</span> <span class='ocrx_word' id='word_1_167' title='bbox 1118 1640 1348 1672; x_wconf 83' lang='lat' dir='ltr'>monachorum</span> <span class='ocrx_word' id='word_1_168' title='bbox 1373 1667 1378 1672; x_wconf 88' lang='lat'>.</span> <span class='ocrx_word' id='word_1_169' title='bbox 1405 1641 1523 1673; x_wconf 82' lang='lat' dir='ltr'>seilicet</span> <span class='ocrx_word' id='word_1_170' title='bbox 1546 1641 1633 1673; x_wconf 66' lang='lat' dir='ltr'>infra</span> 
     </span>
     <span class='ocr_line' id='line_1_20' title="bbox 153 1708 1632 1751; baseline 0.001 -10"><span class='ocrx_word' id='word_1_171' title='bbox 153 1719 271 1750; x_wconf 81' lang='lat' dir='ltr'>aquam</span> <span class='ocrx_word' id='word_1_172' title='bbox 287 1709 326 1741; x_wconf 88' lang='lat' dir='ltr'>de</span> <span class='ocrx_word' id='word_1_173' title='bbox 342 1708 514 1741; x_wconf 70' lang='lat' dir='ltr'><strong>KENEFEG</strong></span> <span class='ocrx_word' id='word_1_174' title='bbox 531 1712 563 1741; x_wconf 91' lang='lat' dir='ltr'>et</span> <span class='ocrx_word' id='word_1_175' title='bbox 578 1720 697 1751; x_wconf 79' lang='lat' dir='ltr'>aquam</span> <span class='ocrx_word' id='word_1_176' title='bbox 713 1710 752 1742; x_wconf 89' lang='lat' dir='ltr'>de</span> <span class='ocrx_word' id='word_1_177' title='bbox 771 1709 908 1742; x_wconf 71' lang='lat' dir='ltr'>AVENA.</span> <span class='ocrx_word' id='word_1_178' title='bbox 957 1709 1005 1741; x_wconf 79' lang='lat' dir='ltr'>Ut</span> <span class='ocrx_word' id='word_1_179' title='bbox 1022 1709 1163 1741; x_wconf 76' lang='lat' dir='ltr'>habeant</span> <span class='ocrx_word' id='word_1_180' title='bbox 1179 1712 1211 1741; x_wconf 83' lang='lat' dir='ltr'>et</span> <span class='ocrx_word' id='word_1_181' title='bbox 1227 1712 1359 1742; x_wconf 80' lang='lat' dir='ltr'>teneant</span> <span class='ocrx_word' id='word_1_182' title='bbox 1382 1710 1459 1742; x_wconf 83' lang='lat' dir='ltr'>dicti</span> <span class='ocrx_word' id='word_1_183' title='bbox 1483 1710 1632 1742; x_wconf 82' lang='lat' dir='ltr'>monachi</span> 
     </span>
     <span class='ocr_line' id='line_1_21' title="bbox 153 1777 1631 1821; baseline 0.001 -12"><span class='ocrx_word' id='word_1_184' title='bbox 153 1778 272 1810; x_wconf 81' lang='lat' dir='ltr'>dictam</span> <span class='ocrx_word' id='word_1_185' title='bbox 288 1780 406 1810; x_wconf 81' lang='lat' dir='ltr'>terram</span> <span class='ocrx_word' id='word_1_186' title='bbox 425 1804 430 1809; x_wconf 95' lang='lat'>.</span> <span class='ocrx_word' id='word_1_187' title='bbox 448 1777 546 1810; x_wconf 85' lang='lat' dir='ltr'>libere</span> <span class='ocrx_word' id='word_1_188' title='bbox 564 1803 571 1810; x_wconf 90' lang='lat'><strong>.</strong></span> <span class='ocrx_word' id='word_1_189' title='bbox 589 1778 696 1820; x_wconf 87' lang='lat' dir='ltr'>quiete</span> <span class='ocrx_word' id='word_1_190' title='bbox 714 1804 720 1809; x_wconf 95' lang='lat'>.</span> <span class='ocrx_word' id='word_1_191' title='bbox 738 1781 771 1810; x_wconf 88' lang='lat' dir='ltr'>et</span> <span class='ocrx_word' id='word_1_192' title='bbox 787 1778 916 1820; x_wconf 78' lang='lat' dir='ltr'>pacifice</span> <span class='ocrx_word' id='word_1_193' title='bbox 928 1790 985 1820; x_wconf 86' lang='lat' dir='ltr'>pro</span> <span class='ocrx_word' id='word_1_194' title='bbox 1001 1790 1052 1810; x_wconf 87' lang='lat' dir='ltr'>me</span> <span class='ocrx_word' id='word_1_195' title='bbox 1070 1782 1101 1810; x_wconf 86' lang='lat' dir='ltr'>et</span> <span class='ocrx_word' id='word_1_196' title='bbox 1117 1778 1289 1810; x_wconf 84' lang='lat' dir='ltr'>heredibus</span> <span class='ocrx_word' id='word_1_197' title='bbox 1300 1779 1379 1810; x_wconf 84' lang='lat' dir='ltr'>meis</span> <span class='ocrx_word' id='word_1_198' title='bbox 1391 1779 1425 1810; x_wconf 89' lang='lat' dir='ltr'>in</span> <span class='ocrx_word' id='word_1_199' title='bbox 1437 1782 1631 1821; x_wconf 79' lang='lat' dir='ltr'>perpetuum</span> 
     </span>
     <span class='ocr_line' id='line_1_22' title="bbox 150 1847 1630 1890; baseline 0.002 -12"><span class='ocrx_word' id='word_1_200' title='bbox 150 1847 232 1879; x_wconf 79' lang='lat' dir='ltr'>sicut</span> <span class='ocrx_word' id='word_1_201' title='bbox 247 1847 315 1878; x_wconf 79' lang='lat' dir='ltr'>una</span> <span class='ocrx_word' id='word_1_202' title='bbox 332 1847 505 1879; x_wconf 80' lang='lat' dir='ltr'>elemosina</span> <span class='ocrx_word' id='word_1_203' title='bbox 521 1847 572 1880; x_wconf 87' lang='lat' dir='ltr'>vel</span> <span class='ocrx_word' id='word_1_204' title='bbox 590 1847 695 1879; x_wconf 84' lang='lat' dir='ltr'>ullum</span> <span class='ocrx_word' id='word_1_205' title='bbox 711 1850 933 1880; x_wconf 79' lang='lat' dir='ltr'>tenementum</span> <span class='ocrx_word' id='word_1_206' title='bbox 950 1848 1081 1880; x_wconf 84' lang='lat' dir='ltr'>liberius</span> <span class='ocrx_word' id='word_1_207' title='bbox 1105 1847 1215 1880; x_wconf 72' lang='lat' dir='ltr'>haberi</span> <span class='ocrx_word' id='word_1_208' title='bbox 1238 1852 1343 1890; x_wconf 80' lang='lat' dir='ltr'>potest</span> <span class='ocrx_word' id='word_1_209' title='bbox 1358 1849 1409 1880; x_wconf 87' lang='lat' dir='ltr'>vel</span> <span class='ocrx_word' id='word_1_210' title='bbox 1425 1849 1536 1881; x_wconf 86' lang='lat' dir='ltr'>teneri.</span> <span class='ocrx_word' id='word_1_211' title='bbox 1584 1848 1630 1881; x_wconf 86' lang='lat' dir='ltr'>Et</span> 
     </span>
     <span class='ocr_line' id='line_1_23' title="bbox 151 1916 1630 1960; baseline 0.001 -12"><span class='ocrx_word' id='word_1_212' title='bbox 151 1928 212 1959; x_wconf 88' lang='lat' dir='ltr'>ego</span> <span class='ocrx_word' id='word_1_213' title='bbox 228 1918 260 1948; x_wconf 86' lang='lat' dir='ltr'>et</span> <span class='ocrx_word' id='word_1_214' title='bbox 275 1916 407 1948; x_wconf 84' lang='lat' dir='ltr'>heredes</span> <span class='ocrx_word' id='word_1_215' title='bbox 422 1917 486 1949; x_wconf 90' lang='lat' dir='ltr'>mei</span> <span class='ocrx_word' id='word_1_216' title='bbox 508 1916 788 1950; x_wconf 82' lang='lat' dir='ltr'>warantizabimus</span> <span class='ocrx_word' id='word_1_217' title='bbox 811 1918 905 1950; x_wconf 82' lang='lat' dir='ltr'>dietis</span> <span class='ocrx_word' id='word_1_218' title='bbox 927 1917 1092 1950; x_wconf 82' lang='lat' dir='ltr'>monachis</span> <span class='ocrx_word' id='word_1_219' title='bbox 1115 1918 1234 1950; x_wconf 73' lang='lat' dir='ltr'>dictam</span> <span class='ocrx_word' id='word_1_220' title='bbox 1257 1918 1381 1960; x_wconf 82' lang='lat' dir='ltr'>quitam</span> <span class='ocrx_word' id='word_1_221' title='bbox 1405 1918 1630 1950; x_wconf 81' lang='lat' dir='ltr'>clamationem</span> 
     </span>
     <span class='ocr_line' id='line_1_24' title="bbox 150 1985 1629 2029; baseline 0.002 -12"><span class='ocrx_word' id='word_1_222' title='bbox 150 1988 261 2018; x_wconf 83' lang='lat' dir='ltr'>contra</span> <span class='ocrx_word' id='word_1_223' title='bbox 276 1997 387 2018; x_wconf 86' lang='lat' dir='ltr'>omnes</span> <span class='ocrx_word' id='word_1_224' title='bbox 401 1985 547 2018; x_wconf 85' lang='lat' dir='ltr'>homines</span> <span class='ocrx_word' id='word_1_225' title='bbox 562 1986 596 2018; x_wconf 87' lang='lat' dir='ltr'>in</span> <span class='ocrx_word' id='word_1_226' title='bbox 608 1989 800 2029; x_wconf 86' lang='lat' dir='ltr'>perpetuum</span> <span class='ocrx_word' id='word_1_227' title='bbox 813 2013 819 2018; x_wconf 76' lang='grc'>.</span> <span class='ocrx_word' id='word_1_228' title='bbox 838 1987 884 2019; x_wconf 88' lang='lat' dir='ltr'>Et</span> <span class='ocrx_word' id='word_1_229' title='bbox 900 1987 1065 2019; x_wconf 83' lang='lat' dir='ltr'>sciendum</span> <span class='ocrx_word' id='word_1_230' title='bbox 1077 1988 1163 2029; x_wconf 81' lang='lat' dir='ltr'>quod</span> <span class='ocrx_word' id='word_1_231' title='bbox 1175 1998 1235 2029; x_wconf 85' lang='lat' dir='ltr'>ego</span> <span class='ocrx_word' id='word_1_232' title='bbox 1251 1999 1357 2019; x_wconf 78' lang='lat' dir='ltr'>eoram</span> <span class='ocrx_word' id='word_1_233' title='bbox 1371 1987 1484 2020; x_wconf 80' lang='lat' dir='ltr'>multis</span> <span class='ocrx_word' id='word_1_234' title='bbox 1499 1988 1629 2020; x_wconf 79' lang='lat' dir='ltr'>affidavi</span> 
     </span>
     <span class='ocr_line' id='line_1_25' title="bbox 149 2056 1628 2099; baseline 0.001 -12"><span class='ocrx_word' id='word_1_235' title='bbox 149 2058 182 2087; x_wconf 83' lang='lat' dir='ltr'>et</span> <span class='ocrx_word' id='word_1_236' title='bbox 197 2066 293 2097; x_wconf 86' lang='lat' dir='ltr'>super</span> <span class='ocrx_word' id='word_1_237' title='bbox 308 2057 505 2088; x_wconf 80' lang='lat' dir='ltr'>sacrosancta</span> <span class='ocrx_word' id='word_1_238' title='bbox 521 2056 649 2088; x_wconf 84' lang='lat' dir='ltr'>ecclesie</span> <span class='ocrx_word' id='word_1_239' title='bbox 667 2057 707 2088; x_wconf 91' lang='lat' dir='ltr'>de</span> <span class='ocrx_word' id='word_1_240' title='bbox 725 2056 880 2088; x_wconf 81' lang='lat' dir='ltr'><strong>MARGAN</strong></span> <span class='ocrx_word' id='word_1_241' title='bbox 897 2056 1005 2099; x_wconf 85' lang='lat' dir='ltr'>juravi</span> <span class='ocrx_word' id='word_1_242' title='bbox 1020 2057 1106 2099; x_wconf 88' lang='lat' dir='ltr'>quod</span> <span class='ocrx_word' id='word_1_243' title='bbox 1129 2057 1237 2089; x_wconf 82' lang='lat' dir='ltr'>omnia</span> <span class='ocrx_word' id='word_1_244' title='bbox 1260 2057 1321 2089; x_wconf 73' lang='lat' dir='ltr'>ista</span> <span class='ocrx_word' id='word_1_245' title='bbox 1344 2057 1483 2089; x_wconf 77' lang='lat' dir='ltr'>fideliter</span> <span class='ocrx_word' id='word_1_246' title='bbox 1505 2060 1537 2089; x_wconf 88' lang='lat' dir='ltr'>et</span> <span class='ocrx_word' id='word_1_247' title='bbox 1560 2058 1628 2090; x_wconf 85' lang='lat' dir='ltr'>sine</span> 
     </span>
     <span class='ocr_line' id='line_1_26' title="bbox 149 2123 1631 2170; baseline 0.003 -15"><span class='ocrx_word' id='word_1_248' title='bbox 149 2123 223 2156; x_wconf 86' lang='lat' dir='ltr'>dolo</span> <span class='ocrx_word' id='word_1_249' title='bbox 239 2123 369 2156; x_wconf 81' lang='lat' dir='ltr'>servabo</span> <span class='ocrx_word' id='word_1_250' title='bbox 381 2124 416 2156; x_wconf 89' lang='lat' dir='ltr'>in</span> <span class='ocrx_word' id='word_1_251' title='bbox 431 2128 634 2167; x_wconf 83' lang='lat' dir='ltr'>perpetuum.</span> <span class='ocrx_word' id='word_1_252' title='bbox 681 2125 728 2157; x_wconf 76' lang='lat' dir='ltr'>Et</span> <span class='ocrx_word' id='word_1_253' title='bbox 738 2125 773 2157; x_wconf 87' lang='lat' dir='ltr'>in</span> <span class='ocrx_word' id='word_1_254' title='bbox 785 2125 886 2167; x_wconf 83' lang='lat' dir='ltr'>hujus</span> <span class='ocrx_word' id='word_1_255' title='bbox 898 2126 943 2157; x_wconf 83' lang='lat' dir='ltr'>rei</span> <span class='ocrx_word' id='word_1_256' title='bbox 960 2126 1182 2158; x_wconf 77' lang='lat' dir='ltr'>testimonium</span> <span class='ocrx_word' id='word_1_257' title='bbox 1197 2127 1338 2168; x_wconf 85' lang='lat' dir='ltr'>presenti</span> <span class='ocrx_word' id='word_1_258' title='bbox 1353 2127 1470 2169; x_wconf 84' lang='lat' dir='ltr'>scripto</span> <span class='ocrx_word' id='word_1_259' title='bbox 1485 2127 1631 2170; x_wconf 74' lang='lat' dir='ltr'>sigillum</span> 
     </span>
     <span class='ocr_line' id='line_1_27' title="bbox 150 2193 1627 2236; baseline 0.003 -12"><span class='ocrx_word' id='word_1_260' title='bbox 150 2204 259 2225; x_wconf 89' lang='lat' dir='ltr'>meum</span> <span class='ocrx_word' id='word_1_261' title='bbox 275 2193 419 2236; x_wconf 84' lang='lat' dir='ltr'>apposui.</span> <span class='ocrx_word' id='word_1_262' title='bbox 466 2193 544 2226; x_wconf 87' lang='lat' dir='ltr'>Hiis</span> <span class='ocrx_word' id='word_1_263' title='bbox 558 2193 696 2226; x_wconf 85' lang='lat' dir='ltr'>testibus</span> <span class='ocrx_word' id='word_1_264' title='bbox 712 2219 718 2226; x_wconf 88' lang='lat'><strong>.</strong></span> <span class='ocrx_word' id='word_1_265' title='bbox 740 2194 895 2226; x_wconf 80' lang='lat' dir='ltr'>RICARDO</span> <span class='ocrx_word' id='word_1_266' title='bbox 912 2195 1024 2227; x_wconf 84' lang='lat' dir='ltr'>clerico</span> <span class='ocrx_word' id='word_1_267' title='bbox 1040 2195 1080 2226; x_wconf 88' lang='lat' dir='ltr'>de</span> <span class='ocrx_word' id='word_1_268' title='bbox 1100 2194 1273 2227; x_wconf 77' lang='lat' dir='ltr'>KENEFEG</span> <span class='ocrx_word' id='word_1_269' title='bbox 1291 2221 1297 2227; x_wconf 93' lang='lat'>.</span> <span class='ocrx_word' id='word_1_270' title='bbox 1315 2195 1338 2228; x_wconf 89' lang='lat' dir='ltr'><strong>J</strong></span> <span class='ocrx_word' id='word_1_271' title='bbox 1339 2207 1481 2228; x_wconf 76' lang='lat' dir='ltr'>OHANNE</span> <span class='ocrx_word' id='word_1_272' title='bbox 1499 2196 1605 2228; x_wconf 47' lang='lat' dir='ltr'>Pinus</span> <span class='ocrx_word' id='word_1_273' title='bbox 1622 2221 1627 2227; x_wconf 90' lang='lat'>.</span> 
     </span>
    </p>
   </div>
   <div class='ocr_carea' id='block_1_7' title="bbox 148 2261 1631 2308">
    <p class='ocr_par' dir='ltr' id='par_1_9' title="bbox 148 2261 1631 2308">
     <span class='ocr_line' id='line_1_28' title="bbox 148 2261 1631 2308; baseline 0.002 -14"><span class='ocrx_word' id='word_1_274' title='bbox 148 2261 309 2294; x_wconf 75' lang='lat' dir='ltr'>LAWARH</span> <span class='ocrx_word' id='word_1_275' title='bbox 325 2262 366 2294; x_wconf 89' lang='lat' dir='ltr'>ab</span> <span class='ocrx_word' id='word_1_276' title='bbox 382 2261 500 2294; x_wconf 74' lang='lat' dir='ltr'>DAvm</span> <span class='ocrx_word' id='word_1_277' title='bbox 518 2288 524 2294; x_wconf 90' lang='lat'><em>.</em></span> <span class='ocrx_word' id='word_1_278' title='bbox 540 2262 678 2296; x_wconf 65' lang='lat' dir='ltr'>Wnonn</span> <span class='ocrx_word' id='word_1_279' title='bbox 692 2264 732 2295; x_wconf 86' lang='lat' dir='ltr'>de</span> <span class='ocrx_word' id='word_1_280' title='bbox 752 2262 913 2296; x_wconf 82' lang='lat' dir='ltr'>KORNELi</span> <span class='ocrx_word' id='word_1_281' title='bbox 932 2290 938 2295; x_wconf 93' lang='lat'>.</span> <span class='ocrx_word' id='word_1_282' title='bbox 957 2263 1084 2296; x_wconf 66' lang='lat' dir='ltr'>&#39;raom</span> <span class='ocrx_word' id='word_1_283' title='bbox 1098 2265 1138 2296; x_wconf 89' lang='lat' dir='ltr'>de</span> <span class='ocrx_word' id='word_1_284' title='bbox 1151 2264 1394 2308; x_wconf 78' lang='lat' dir='ltr'>CANTUL[UPO]</span> <span class='ocrx_word' id='word_1_285' title='bbox 1415 2291 1421 2297; x_wconf 94' lang='lat'>.</span> <span class='ocrx_word' id='word_1_286' title='bbox 1436 2265 1631 2298; x_wconf 77' lang='lat' dir='ltr'>WILLELMO</span> 
     </span>
    </p>
   </div>
  </div>
 </body>
</html>
