1998 2724
346 164 410 195 554

299 323 469 355 reeordum
483 334 541 365 pro
557 322 641 355 bono
658 323 709 355 vel
725 322 850 365 aliquid
865 323 970 355 dicere
986 326 1098 355 contra
1118 324 1286 357 reeordum
1306 325 1390 357 illud
1411 327 1469 358 etc.
1517 324 1563 357 Et
1578 325 1621 358 R.
1639 325 1786 358 SYWARD

301 391 391 424 venit
407 394 439 423 et
455 392 533 424 dicit
549 392 636 434 quod
651 393 818 425 reeordum
834 392 917 424 fflud
933 392 968 424 in
984 395 1076 435 parte
1091 392 1214 425 bonum
1238 396 1285 426 est
1301 397 1334 426 et
1354 395 1389 426 in
1405 397 1496 437 parte
1512 395 1632 427 falsum
1647 406 1684 428 eo
1700 396 1788 438 quod

300 461 444 503 predicta
465 462 553 494 curia
577 462 684 494 omisit
704 462 808 494 dicere
832 473 889 504 pro
913 473 946 494 se
965 461 1088 495 bonum
1109 474 1204 495 suum
1227 466 1259 495 et
1279 463 1363 496 dixit
1382 475 1477 496 suum
1492 463 1587 507 pejus
1602 464 1690 496 unde
1706 464 1788 507 petit

299 531 387 573 quod
402 542 460 573 per
474 530 639 573 justiciam
655 534 687 563 et
704 542 760 574 per
777 531 1045 564 consuetudinem
1062 532 1156 576 regni
1170 533 1271 575 possit
1289 533 1471 576 predictum
1490 534 1660 566 reeordum
1679 545 1788 566 emen-

300 600 371 632 dari
386 600 421 632 in
437 600 500 632 biis
521 600 555 632 in
576 600 694 642 quibus
714 600 810 633 rebus
832 601 977 643 predicta
1000 602 1089 634 curia
1112 601 1215 635 oblita
1237 602 1303 635 fuit
1324 603 1428 635 dicere
1451 614 1545 635 suum
1569 603 1695 635 melius.
1742 602 1788 635 Et

299 669 378 702 dicit
401 671 487 712 quod
515 671 645 712 quando
676 670 838 712 predictus
869 681 974 703 comes
1008 682 1083 702 eum
1123 671 1301 714 appellavit
1341 672 1381 704 de
1415 672 1560 714 predicta
1597 672 1718 704 felonia
1755 674 1788 704 et

298 739 484 771 seductione
515 740 602 782 quod
626 751 683 782 per
710 751 783 772 eum
812 740 881 772 fieri
907 740 1030 779 debuit,
1056 741 1144 782 quod
1170 740 1264 780 absit,
1291 741 1373 773 sicut
1397 741 1578 783 predictum
1603 744 1660 781 est,
1682 741 1788 774 dietus

297 808 473 841 RICARnUs
488 813 596 852 preter
607 821 645 842 ea
661 821 722 852 que
737 812 888 842 contenta
901 809 1024 842 suntin
1034 810 1120 842 dicto
1132 811 1263 843 recordo
1274 811 1441 853 respondit
1457 811 1545 853 quod
1561 810 1684 842 desicut
1699 810 1786 843 idem

296 889 400 910 eomes
417 879 472 920 qui
489 890 563 910 eum
578 878 755 921 appellavit
770 879 810 911 de
832 879 954 911 felonia
966 882 998 911 et
1019 879 1155 922 ipsemet
1173 891 1303 922 presens
1325 880 1390 912 fuit
1409 891 1505 912 sanus
1529 881 1569 912 de
1585 891 1714 922 corpore
1731 891 1787 912 suo

298 950 329 979 et
351 948 391 980 de
411 947 564 980 membris
583 948 648 980 suis
669 951 701 980 et
724 948 792 981 sine
817 948 979 981 mahemio
1001 951 1033 981 et
1055 949 1130 982 talis
1153 949 1248 982 etatis
1270 949 1357 992 quod
1377 949 1445 992 ipse
1469 949 1577 991 potuit
1597 960 1654 991 per
1675 960 1789 992 corpus

295 1028 390 1049 suum
406 1017 465 1049 hoc
481 1017 616 1060 probare
631 1020 663 1050 et
679 1018 762 1050 illud
779 1018 897 1061 optulit
914 1017 1049 1060 probare
1064 1030 1122 1060 per
1136 1018 1238 1051 alium
1254 1018 1305 1050 vel
1322 1030 1378 1060 per
1393 1018 1473 1050 alios
1489 1029 1555 1051 non
1571 1017 1742 1051 videbatur
1757 1018 1787 1050 ei

296 1087 383 1128 quod
393 1086 507 1119 debeat
521 1088 562 1119 ad
572 1087 672 1119 talem
685 1087 938 1130 appellacionem
951 1088 1143 1130 respondere
1155 1088 1242 1120 unde
1255 1088 1337 1130 petit
1347 1088 1518 1130 judicium.
1565 1087 1653 1119 Item
1663 1088 1787 1120 desieut

295 1156 382 1188 idem
398 1167 503 1188 comes
519 1157 696 1199 appellavit
713 1168 787 1189 eum
804 1157 844 1189 de
860 1157 982 1189 felonia
998 1157 1142 1199 predicta
1158 1156 1215 1189 ubi
1238 1156 1419 1200 periculum
1440 1156 1539 1189 faciet
1555 1157 1622 1189 vite
1638 1160 1671 1189 et
1686 1168 1787 1189 mem-

297 1225 428 1258 brorum
444 1226 471 1258 si
486 1226 563 1258 inde
580 1227 745 1259 convietus
760 1229 842 1259 esset
858 1230 890 1258 et
913 1237 987 1259 cum
1008 1226 1131 1259 felonia
1150 1226 1207 1258 illa
1228 1226 1384 1269 adjunxit
1405 1226 1526 1258 damna
1549 1226 1740 1259 catallorum
1755 1229 1788 1259 et

297 1295 388 1327 illam
407 1295 563 1328 feloniam
584 1297 625 1328 ad
648 1296 792 1338 precium
817 1296 907 1328 mille
931 1295 1088 1328 librarum
1113 1295 1263 1338 apposuit
1284 1296 1370 1327 unde
1398 1306 1455 1337 per
1476 1306 1577 1327 unam
1598 1299 1631 1328 et
1651 1296 1788 1328 eandem

296 1365 550 1408 appellacionem
573 1366 676 1398 vitam
699 1368 732 1398 et
755 1365 900 1398 membra
923 1377 981 1398 sua
1002 1366 1097 1408 petiit
1121 1367 1153 1398 et
1176 1365 1349 1417 pecuniam
1365 1366 1545 1409 predictam
1560 1366 1710 1398 similiter
1725 1377 1788 1408 que

297 1434 394 1466 simul
417 1437 501 1466 stare
522 1446 588 1467 non
609 1437 744 1477 possunt
763 1436 805 1467 ad
831 1435 972 1478 aliquem
997 1435 1229 1478 appellandum
1248 1435 1343 1477 petiit
1359 1435 1520 1477 judicium
1537 1436 1564 1468 si
1576 1435 1692 1468 debeat
1713 1435 1790 1467 huie

297 1503 509 1546 appellationi
531 1505 734 1547 respondere.
782 1504 869 1537 Item
893 1505 1017 1537 desieut
1034 1504 1121 1536 idem
1141 1515 1245 1536 comes
1261 1504 1436 1546 appellavit
1454 1505 1489 1536 in
1505 1505 1593 1537 curia
1610 1505 1740 1547 propria
1758 1507 1791 1537 et

297 1573 365 1616 ipse
381 1574 421 1605 de
438 1574 525 1605 ouria
541 1574 598 1605 illa
613 1574 679 1606 fuit
694 1574 845 1606 dominus
861 1577 893 1607 et
909 1574 1001 1617 quasi
1010 1585 1067 1606 rex
1079 1576 1112 1606 et
1121 1573 1321 1616 justiciarius
1336 1577 1369 1606 et
1380 1574 1516 1617 ipsemet
1532 1574 1567 1606 in
1578 1574 1690 1606 eadem
1700 1574 1789 1606 curia

297 1642 476 1685 inculpavit
500 1643 540 1675 de
562 1654 639 1685 paee
663 1655 720 1676 sua
742 1644 872 1686 propria
895 1646 927 1676 et
950 1644 990 1675 de
1013 1643 1134 1676 felonia
1157 1643 1187 1675 ei
1210 1642 1297 1675 facta
1320 1643 1354 1675 in
1371 1655 1448 1686 pace
1472 1655 1530 1676 sua
1546 1646 1577 1676 et
1593 1655 1659 1676 non
1675 1643 1786 1686 tetigit

299 1723 412 1754 pacem
428 1713 553 1745 domini
571 1713 673 1756 Regis
688 1713 811 1746 desiout
822 1713 916 1746 ambo
926 1713 1060 1745 fuerunt
1070 1712 1218 1744 homines
1230 1712 1279 1744 sui
1292 1715 1324 1744 et
1336 1713 1371 1745 in
1381 1716 1467 1745 terra
1478 1713 1602 1745 domini
1615 1712 1717 1756 Regis
1733 1713 1789 1756 qui

299 1781 464 1824 justiciam
481 1785 588 1814 tenere
605 1782 718 1815 debuit
728 1785 760 1815 et
772 1783 883 1825 potuit
893 1783 933 1815 de
947 1785 1085 1825 utroque
1096 1785 1128 1815 et
1141 1783 1193 1826 cuj
1199 1794 1235 1815 us
1245 1783 1313 1815 vita
1325 1786 1357 1816 et
1367 1782 1513 1815 membra
1525 1786 1617 1816 erant
1627 1785 1660 1815 et
1671 1782 1793 1815 nullius

300 1851 432 1884 alterius
444 1852 538 1894 petiit
544 1852 705 1894 judicium
716 1853 742 1885 si
754 1852 867 1885 debuit
880 1853 974 1885 eitali
983 1852 1194 1894 appellationi
1205 1851 1326 1884 ibidem
1338 1852 1539 1894 respondere.
1570 1851 1656 1884 Item
1667 1851 1789 1884 desicut

302 1921 389 1953 idem
414 1932 518 1953 comes
543 1921 720 1964 appellavit
736 1933 811 1954 eum
839 1922 879 1954 de
902 1922 1088 1954 seductione
1115 1921 1220 1953 eidem
1236 1921 1347 1954 oomiti
1372 1921 1458 1953 faeta
1474 1923 1507 1953 et
1522 1921 1562 1953 de
1585 1932 1662 1963 paee
1678 1932 1736 1953 sua
1759 1923 1791 1953 et

303 1991 370 2033 ipse
397 2002 501 2024 comes
528 2003 586 2024 nec
613 1991 730 2034 aliquis
755 1991 837 2024 alius
861 1992 896 2023 in
919 2002 1020 2034 regno
1043 1991 1143 2033 possit
1166 1990 1231 2022 tale
1254 1990 1420 2032 appellum
1446 1989 1565 2022 habere
1591 1989 1655 2022 nisi
1679 2000 1793 2033 corpus

303 2060 405 2103 Regis
436 2061 531 2103 petiit
564 2061 725 2103 judicium
757 2061 784 2093 si
815 2061 928 2093 debuit
954 2061 1013 2093 tali
1041 2061 1169 2104 appello
1194 2060 1396 2102 respondere.
1445 2059 1530 2092 Item
1557 2060 1682 2092 desieut
1705 2060 1792 2092 idem

303 2141 408 2162 comes
423 2130 600 2172 appellavit
616 2141 690 2162 eum
707 2131 746 2162 de
771 2130 923 2173 predictis
938 2130 1061 2163 felonia
1077 2132 1110 2162 et
1125 2129 1301 2162 traditione
1326 2140 1388 2172 que
1405 2129 1434 2161 ei
1450 2129 1520 2165 fieri
1536 2128 1690 2162 deberent
1705 2131 1738 2161 et
1753 2130 1793 2162 de

303 2199 435 2232 consilio
459 2211 515 2231 suo
537 2200 736 2242 discooperto
763 2203 795 2232 et
819 2201 859 2232 de
885 2211 1042 2232 consensu
1068 2199 1154 2232 facto
1183 2199 1323 2231 inimicis
1346 2199 1412 2230 suis
1437 2202 1469 2231 et
1492 2198 1552 2230 hoc
1575 2200 1707 2241 paratus
1729 2198 1795 2230 fuit

303 2268 438 2311 probare
465 2280 522 2311 per
538 2268 697 2311 predictos
724 2268 944 2301 STEPHANUM
961 2272 994 2302 et
1019 2269 1177 2302 Tamum
1194 2280 1252 2301 nee
1268 2269 1337 2311 ipse
1362 2267 1529 2301 dicebatur
1544 2268 1579 2300 in
1595 2268 1722 2311 appello
1737 2278 1795 2301 suo
