1998 2724
367 160 430 191 370

323 328 421 360 quam
446 315 549 348 habeo
573 315 607 347 in
633 314 874 346 OLAMMORGAN
899 311 1018 343 seilicet
1041 310 1082 341 de
1103 320 1199 351 supra
1221 308 1371 340 Oonmzm
1391 334 1396 339 .
1415 318 1472 349 pro
1487 307 1591 339 salute
1606 307 1713 338 anime
1728 317 1798 338 mee

323 391 355 419 et
381 389 615 419 antecessorum
642 394 786 416 meorum
814 392 937 413 necnon
970 382 1001 412 et
1033 378 1182 422 conjugis
1211 389 1282 410 mee
1312 389 1374 420 que
1405 377 1568 419 sepulture
1598 376 1738 408 traditur
1767 376 1803 408 in

323 455 478 489 cimiterio
505 455 601 498 juxta
627 457 752 495 portam
776 452 816 483 de
840 450 995 482 MARGAN
1019 448 1055 480 in
1077 459 1193 491 puram
1214 450 1246 480 et
1261 448 1449 490 perpetuam
1466 445 1673 478 elemosinam
1690 470 1697 478 .
1714 444 1802 476 salvo

323 529 431 558 tamen
460 536 556 556 censu
583 523 672 565 regio
700 521 816 553 scilieet
844 520 944 552 xnssiffl·
968 518 1109 550 denariis
1134 518 1191 559 qui
1213 516 1253 549 ab
1276 516 1340 548 illis
1363 515 1506 547 solvendi
1527 518 1603 546 sunt
1622 515 1663 546 ad
1681 514 1801 546 festum

323 595 433 628 Sancti
450 594 647 626 MICHAELIS
668 602 723 633 pro
746 591 833 622 omni
858 588 997 621 servicio.
1047 587 1093 618 Et
1116 586 1192 629 quia
1215 585 1357 628 sigillum
1385 585 1549 627 proprium
1577 594 1642 615 non
1669 582 1768 615 habui
1793 608 1799 614 .

323 664 406 696 hanc·
434 663 540 706 sigillo
567 661 732 694 GnisF-INI
761 659 818 691 filii
848 658 1046 690 CNMTHnm
1078 655 1226 698 sigillavi.
1274 654 1339 687 His
1362 654 1497 686 testibus
1519 680 1524 685 .
1543 652 1739 685 Wummm
1763 652 1802 684 de

324 734 543 766 LIOHESFELD
568 757 573 763 .
600 730 758 762 JORDANO
786 729 825 760 de
857 727 1074 759 HAVERFORD
1101 725 1321 758 ,WILLELMO
1353 725 1392 755 ‹le
1419 723 1539 755 VALLE
1570 722 1734 754 monachis
1764 722 1804 754 de

324 803 478 835 MARGAN
497 827 504 833 .
521 772 689 833 ERNALlno
713 796 946 830 constabulario
970 797 1009 827 de
1032 795 1200 827 Kan-:Fnc
1223 820 1228 825 .
1254 793 1361 825 Espvs
1386 793 1451 824 filio
1480 791 1626 823 CRADom
1654 818 1658 822 .
1684 791 1803 823 KENE-

323 882 435 903 wnnic
453 870 519 903 filio
538 869 725 902 HERBER'H
744 894 749 899 .
768 867 912 899 MAnoco
936 866 1003 898 filio
1027 864 1223 896 CNAITHURI
1243 889 1249 894 .
1267 862 1419 894 ITHELLo
1443 861 1509 893 filio
1532 861 1624 893 Rmi
1642 886 1647 892 .
1667 860 1803 893 Rmnno

325 941 391 973 filio
419 941 566 972 Ommx
594 964 599 970 .
626 941 657 970 et
685 937 784 969 fratrc·
812 936 883 978 ejus=
910 935 1066 968 Cmooco
1093 959 1099 965 .
1126 933 1331 965 WAmvnTH
1360 931 1425 963 filio
1452 930 1639 963 WILLELMI
1672 929 1800 961 Kum-

325 1020 456 1042 MicmzL
476 1035 481 1040 .
499 1012 531 1040 et
547 1008 659 1040 multis
675 1007 754 1038 aliis.

369 1079 492 1111 Round
507 1078 582 1115 seal,
599 1077 708 1109 brown
726 1087 807 1114 wax,
828 1075 913 1116 ligin.
931 1074 1029 1105 (liam.
1077 1072 1110 1104 A
1126 1073 1242 1103 rosette
1259 1070 1292 1101 of
1316 1070 1438 1101 sixteen
1455 1069 1568 1100 leaves.

888 1146 896 1160 ‘
913 1148 944 1179 ÷
966 1141 1086 1174 SIGILL'
1106 1167 1112 1172 .
1130 1139 1287 1172 Gummi?

368 1217 591 1250 Endorsed-—‘
604 1215 701 1248 Carta
715 1214 824 1246 Riredi
841 1213 899 1245 filii
916 1211 1055 1244 Breauel
1071 1211 1110 1242 do
1126 1209 1299 1242 medietate
1316 1210 1398 1240 terre
1414 1218 1470 1239 sue
1486 1208 1526 1239 de
1542 1218 1637 1249 supra
1653 1205 1803 1239 Oorneli.'

940 1374 1189 1408 OOCLXXIV.

325 1464 487 1498 GRANT
519 1463 585 1496 BY
617 1460 855 1499 ENEAWN’,
888 1458 976 1491 SON
1011 1457 1070 1490 OF
1107 1454 1361 1489 WRUNUCII
1397 1453 1545 1491 CHAM,
1578 1453 1637 1485 OF
1677 1452 1810 1485 LAND

396 1531 635 1566 BETWEEN
660 1529 835 1563 GARWE
860 1527 961 1561 AND
987 1524 1220 1559 UGGMORE
1244 1523 1301 1556 ΤΟ
1326 1522 1536 1555 MARGAM
1561 1521 1734 1554 ABBEY.

799 1611 931 1654 [HARL.
950 1609 1126 1645 CHARTER‚
1146 1608 1186 1638 75
1204 1606 1244 1638 D.
1264 1605 1334 1649 20.]

371 1697 530 1730 Omnibus
560 1695 677 1728 Sancte
709 1693 820 1725 matris
851 1691 979 1724 ecclesie
1004 1690 1078 1722 filiis
1100 1687 1302 1731 presentibus
1325 1692 1357 1719 et
1380 1686 1499 1718 futum's
1522 1684 1692 1718 ENEAWN'
1717 1684 1802 1716 filius

329 1768 516 1800 WRUNUCH
541 1764 645 1797 ΟΗΑΜ
670 1763 816 1795 sulutem.

371 1835 485 1869 Sciatis
509 1845 560 1866 me
583 1832 769 1865 concessisse
791 1834 821 1863 et
849 1830 973 1861 dedisse
1001 1854 1006 1860 .
1036 1831 1069 1859 et
1093 1827 1151 1858 hae
1179 1829 1265 1858 carta
1292 1825 1493 1857 confirmasse
1520 1823 1591 1856 Deo
1619 1827 1650 1855 et
1675 1822 1803 1854 ecclesie

328 1906 444 1938 Sancte
460 1903 581 1936 MAmE
598 1902 637 1933 de
654 1900 806 1933 MARGAN
828 1925 833 1930 .
851 1900 883 1930 et
898 1897 1064 1930 monachis
1078 1896 1199 1928 ibidem
1216 1895 1286 1926 Deo
1303 1893 1514 1926 servientibus
1536 1893 1570 1924 in
1594 1891 1801 1924 elemosinam

329 1977 428 2007 totam
447 1978 566 2005 terram
581 1982 644 2013 que
660 1970 722 2001 fuit
740 1968 928 2001 meNucH
946 1966 1049 1998 GHAM
1074 1964 1174 2007 patris
1197 1964 1259 1996 mei
1283 1963 1368 1995 inter
1392 1962 1524 1995 (huwe
1547 1964 1579 1994 et
1603 1960 1778 1992 Uocmon
1797 1985 1802 1990 .

329 2045 363 2075 in
379 2043 472 2075 bosco
488 2043 520 2073 et
535 2040 633 2083 plano
652 2065 656 2070 .
676 2050 748 2070 oum
765 2036 914 2069 omuibus
929 2035 1134 2078 pertinenciis
1157 2036 1189 2065 et
1209 2031 1413 2065 libertatibus
1437 2035 1469 2063 et
1492 2029 1690 2062 aisiamentis
1715 2029 1779 2061 suis
1797 2054 1803 2061 .

330 2113 371 2144 ad
393 2111 570 2143 tenendum
595 2112 627 2140 et
650 2107 874 2150 possidendum
898 2104 996 2137 libere
1020 2106 1053 2136 et
1074 2104 1181 2145 quiete
1197 2108 1228 2133 et
1253 2101 1381 2143 pacifico
1410 2126 1416 2131 .
1444 2100 1525 2131 siout
1548 2098 1616 2131 ulla
1635 2097 1808 2130 elemosina

329 2180 460 2213 liberius
479 2184 511 2211 ot
530 2177 670 2219 quietius
693 2175 795 2207 teneri
819 2177 932 2216 potest.
982 2173 1027 2204 Et
1050 2172 1214 2204 sciendum
1237 2170 1323 2212 quod
1345 2169 1453 2211 juravi
1477 2179 1572 2209 super
1595 2166 1775 2199 sanctuaria
1801 2191 1807 2197 .

327 2249 413 2291 quod
429 2258 488 2290 ego
504 2249 536 2278 et
552 2246 683 2278 heredes
700 2244 761 2276 mei
779 2242 1058 2275 warantizabimus
1073 2241 1169 2273 istam
1186 2239 1363 2282 predictam
1376 2241 1496 2270 terram
1507 2236 1588 2268 siout
1600 2234 1808 2268 elemosinam
