1998 2724
1556 178 1618 210 587

185 340 286 369 terras
302 347 362 378 que
379 338 455 367 sunt
474 361 479 366 .
500 361 505 365 .
525 361 531 366 .
553 360 558 365 .
592 346 606 366 s
621 334 838 376 predictorum
855 334 1085 367 monachorum
1100 336 1168 366 tam
1183 335 1269 367 inter
1285 334 1411 366 Ax-ENE
1435 338 1467 367 et
1490 335 1661 367 Knxmrm

186 417 282 448 quam
298 408 389 437 extra
407 430 412 436 .
431 404 662 446 abjuravimus.
710 403 788 435 Hiis
804 403 948 436 testibus.

231 475 434 506 Entitled—‘
450 473 547 505 Carta
564 473 703 504 filiorum
720 472 878 515 Cadugan
894 474 934 505 de
950 476 1035 505 terra
1052 474 1136 505 inter
1152 473 1371 506 Waltereston
1388 474 1428 504 ad
1451 473 1664 516 Horegrave.’

187 543 282 576 With
298 555 317 575 a
332 543 493 585 marginal
510 546 638 574 note—⁴
654 541 760 577 Quere
777 542 861 574 inter
877 544 979 574 cartas
994 542 1105 575 Sancti
1121 542 1312 574 Michaeliss

416 678 516 729 Wro'nu.
654 677 749 728 Griffin.
872 677 972 729 Meiiric,
1095 681 1183 735 Phiiip.
1323 677 1418 729 Hoivel.

863 838 993 870 DLXI.

189 920 353 954 GRANT
380 920 445 953 BY
471 920 664 960 WRONU,
692 919 781 952 SoN
809 920 869 952 OF
898 920 1141 958 OADUGAN,
1170 920 1227 953 ΤΟ
1256 920 1467 952 MARGAM
1493 919 1669 959 ABBEY,

265 990 324 1022 OF
348 989 480 1022 LAND
506 989 745 1022 BETWEEN
770 989 1134 1022 WALDERESTON
1157 989 1259 1022 AND
1284 989 1592 1022 HOREGRAVE.

730 1071 906 1114 [MARGAM
931 1070 1126 1114 OHARTER]

233 1146 404 1179 Universis
421 1146 537 1179 Sancte
554 1147 681 1179 ecclesie
703 1146 778 1179 filiis
800 1146 1002 1189 presentibus
1026 1149 1057 1178 et
1080 1146 1200 1178 futuris
1224 1146 1367 1179 WRUNU
1392 1147 1478 1178 filius
1501 1146 1670 1178 OADUGAN

191 1216 336 1248 salutem.

230 1285 345 1318 Sciatis
362 1286 448 1327 quod
464 1296 524 1328 ego
541 1284 672 1316 consilio
688 1288 720 1316 et
736 1296 892 1316 consensu
914 1287 1086 1327 parentum
1110 1288 1141 1316 et
1165 1285 1340 1317 amicorum
1364 1296 1508 1317 meorum
1533 1285 1670 1317 concessi

186 1358 217 1386 et
239 1354 314 1385 (ledi
337 1358 369 1385 et
394 1354 454 1386 hac
480 1358 568 1386 carta
590 1354 778 1386 confirmavi
801 1354 873 1386 Deo
894 1357 924 1385 et
951 1354 1080 1385 ecclesie
1103 1353 1219 1385 Sancte
1232 1353 1354 1385 MARIE
1365 1355 1405 1385 de
1427 1353 1583 1385 MARGAN
1608 1380 1614 1385 .
1638 1357 1670 1386 et

189 1422 354 1455 monachis
370 1423 426 1465 qui
441 1423 560 1455 ibidem
578 1423 649 1455 Deo
665 1423 810 1455 serviunt
825 1425 928 1455 totam
943 1424 1063 1454 terram
1079 1434 1184 1454 meam
1200 1423 1285 1454 inter
1302 1421 1616 1454 WALDERESTONAM
1641 1426 1673 1455 et

190 1492 439 1524 HOREGRAVAM
463 1503 535 1524 cum
561 1492 710 1524 omnibus
732 1492 939 1534 pertinenciis
962 1492 1027 1524 suis
1053 1492 1087 1523 in
1109 1491 1203 1523 bosco
1227 1496 1259 1523 et
1287 1492 1384 1534 plano
1404 1496 1435 1523 et
1461 1492 1495 1523 in
1523 1492 1672 1524 omnibus

188 1561 259 1592 aliis
283 1560 480 1593 aisiamentis
504 1561 568 1593 suis
590 1561 625 1592 in
656 1564 846 1603 perpetuam
873 1561 1081 1593 elemosinam
1113 1586 1119 1592 .
1152 1564 1188 1592 ut
1216 1560 1357 1592 habeant
1387 1564 1419 1593 et
1443 1563 1576 1593 teneant
1601 1573 1671 1593 eam

187 1629 322 1662 liberam
338 1633 369 1661 et
386 1630 529 1671 quietam
545 1629 585 1662 ab
602 1630 690 1662 omni
707 1630 840 1662 seculari
858 1630 991 1661 servicio
1015 1633 1047 1662 et
1070 1629 1301 1661 consuetudine
1318 1632 1350 1661 et
1372 1630 1538 1662 exactione
1559 1656 1564 1661 .
1589 1630 1669 1661 sicut

187 1698 254 1730 ulla
267 1698 439 1730 elemosina
452 1698 583 1730 liberius
597 1724 602 1730 .
618 1698 729 1730 haberi
742 1701 774 1730 et
790 1699 892 1731 teneri
909 1702 1023 1741 potest.
1072 1698 1117 1730 Et
1140 1698 1224 1730 hanc
1245 1698 1455 1730 donacionem
1479 1699 1667 1730 warantiza-

185 1767 293 1799 bimus
308 1767 354 1798 eis
369 1777 430 1809 ego
446 1769 477 1798 et
495 1767 627 1799 heredes
649 1767 713 1799 mei
737 1771 848 1799 contra
871 1779 981 1799 omnes
1004 1767 1158 1799 homjnes.
1207 1767 1253 1798 Et
1278 1769 1314 1798 ut
1339 1767 1397 1799 hec
1420 1768 1554 1799 donacio
1576 1768 1668 1799 firma

185 1837 315 1867 maneat
333 1861 339 1867 .
357 1835 595 1877 imperpetuum
613 1862 619 1867 .
638 1836 745 1878 sigfflo
761 1848 832 1868 meo
848 1848 920 1868 eam
940 1836 1066 1868 munivi
1085 1862 1090 1867 .
1109 1838 1141 1868 et
1165 1847 1260 1878 super
1282 1836 1464 1867 sanctuaria
1486 1835 1667 1878 juravimus

185 1915 245 1946 ego
261 1908 293 1936 et
310 1903 492 1936 Mnufflcus
509 1904 609 1937 frater
631 1916 744 1937 meus.
762 1908 795 1937 et
817 1908 909 1948 pater
933 1917 1022 1937 meus
1047 1905 1214 1937 CADUGAN
1245 1931 1251 1936 .
1280 1907 1312 1937 et
1338 1904 1459 1936 CANAN
1488 1905 1666 1937 avunculus

186 1975 294 2004 noster
320 1975 353 2004 et
377 1972 436 2004 filii
460 1974 509 2005 sui
536 1999 541 2005 .
565 1976 598 2005 et
621 1974 680 2006 filii
712 1974 859 2006 LUARCH
891 1974 1042 2006 avunculi
1073 1974 1184 2006 nostri.
1233 1974 1297 2006 His
1328 1973 1464 2006 testibus
1495 1999 1501 2005 .
1535 1975 1666 2005 domino

189 2041 385 2074 WILLELMO
401 2042 441 2073 de
457 2041 574 2074 ans
591 2069 597 2074 .
615 2042 792 2075 WALTERo
809 2044 848 2075 de
864 2043 1008 2086 SUL[1A]
1027 2046 1106 2076 tunc
1121 2043 1306 2075 vicecomite
1322 2043 1362 2075 de
1383 2042 1630 2075 GLAMMORGAN
1658 2069 1664 2074 .

185 2109 305 2142 HmA
320 2111 441 2142 decano
457 2111 497 2142 de
513 2110 613 2143 Novo
629 2111 759 2144 CAsTRo
784 2137 790 2143 .
815 2112 982 2144 JOHANNE
1006 2112 1109 2144 BRUN
1134 2111 1369 2144 constabulario
1393 2112 1432 2143 de
1457 2111 1629 2143 KENEFEG
1656 2138 1661 2143 .

185 2178 370 2211 Summo
386 2179 498 2211 clerico
517 2205 522 2210 .
542 2179 682 2211 OSMERo
699 2180 846 2212 OUUIAN.

225 2247 448 2279 Endorsed—<
461 2247 558 2280 Carta
576 2248 707 2282 Wrunu
722 2249 781 2281 filii
797 2249 956 2293 Cadugan
973 2251 1012 2282 de
1028 2252 1098 2282 tota
1112 2252 1198 2282 terra
1211 2261 1268 2282 sua
1279 2249 1365 2282 inter
1377 2248 1659 2282 Walderestonam

187 2318 220 2348 et
235 2316 485 2359 Horegravam.’
