1998 2724
1540 163 1604 194 229

160 316 368 356 transferent,
385 316 453 348 sine
469 328 601 349 assensu
616 319 734 349 nostro.
781 317 932 349 Eandem
947 317 1152 349 securitatem
1173 317 1266 350 nobis
1286 318 1408 350 facient
1431 318 1575 352 haeredes
1598 319 1648 352 sui

160 397 233 419 cum
250 386 371 428 singuli
387 385 448 417 sibi
464 386 643 418 succedent.
690 385 834 418 Predicti
850 388 960 418 autem
979 386 1155 418 CRADOCUS
1178 389 1211 419 et
1233 386 1417 419 JOHANNES
1440 387 1542 420 frater
1564 388 1646 432 ejus,

159 458 193 488 et
215 466 326 487 eorum
341 455 495 494 haeredes,
512 454 601 487 salvo
617 455 797 487 conducent
812 456 854 488 ad
869 455 1010 495 boscum,
1027 461 1059 488 et
1075 467 1148 488 cum
1165 456 1262 488 carris
1278 460 1310 489 et
1327 457 1457 489 carretis
1473 458 1590 490 nostris
1606 459 1646 491 de

161 523 334 563 Tnareor,
363 524 513 566 quotiens
538 524 712 556 servientes
738 528 862 557 nostros
885 526 924 557 de
951 525 1115 563 Tnmeor,
1138 525 1204 558 sive
1230 537 1288 568 pro
1314 526 1468 559 meremio
1495 527 1562 560 sive
1586 539 1645 570 pro

158 593 325 633 focalibus,
342 593 463 626 ibidem
480 594 627 626 accedere
643 594 821 637 contingat.
869 594 915 626 Et
930 594 1079 636 quotiens
1095 595 1203 627 averia
1218 597 1328 627 nostra
1343 597 1376 627 et
1391 607 1502 638 porcos
1520 598 1646 629 nostros

136 663 303 706 ,ejusdem
331 663 467 695 manerii
490 664 532 695 ad
557 663 681 695 dictum
707 663 838 695 boscum
862 664 1024 696 mittimus
1047 665 1088 696 ad
1111 664 1318 706 pascendum,
1335 665 1412 697 totis
1435 665 1557 697 viribus
1581 666 1646 698 suis

155 733 274 765 debent
290 733 376 765 dicta
392 733 499 764 averia
514 736 547 764 et
562 733 664 765 dictos
680 744 790 775 porcos
806 736 930 765 nostros
946 733 1130 772 defendere,
1142 736 1174 765 et
1186 745 1244 766 nos
1260 734 1428 766 indemnes
1444 746 1642 774 conservare,

154 814 196 835 ne
210 814 268 845 pro
285 801 414 834 defectu
429 813 486 834 suo
501 813 559 845 per
574 802 715 834 insultus
730 803 912 844 aliquorum
929 802 1152 835 WALENSIUM
1168 803 1374 845 diripiantur.
1421 803 1491 846 Ipsi
1514 815 1588 836 vero
1613 807 1646 836 et

153 871 297 904 haeredes
312 882 424 903 eorum
440 872 561 903 curiam
577 874 721 904 nostram
737 872 777 904 de
793 871 956 903 TREYGOF
973 874 1156 914 sequentur.
1205 872 1251 904 Et
1262 875 1332 905 tam
1345 873 1407 915 ipsi
1420 884 1519 915 quam
1531 884 1643 906 eorum

152 941 306 980 haeredes,
334 941 390 983 qui
421 941 460 973 de
491 941 578 973 dieta
607 944 693 973 terra
723 941 867 983 aliquam
897 941 1069 974 habuerint
1100 942 1292 984 portionem,
1324 954 1396 974 cum
1429 943 1551 986 singuli
1582 943 1643 975 sibi

152 1012 332 1050 succedent,
346 1011 588 1054 respondebunt
600 1011 693 1043 nobis
704 1012 895 1053 singulatim
908 1013 947 1043 de
960 1012 1092 1044 herietis
1104 1012 1178 1044 suis.
1227 1012 1324 1047 Quod
1337 1013 1363 1045 si
1375 1013 1437 1055 ipsi
1450 1016 1481 1044 et
1494 1013 1638 1046 haeredes

152 1091 264 1114 eorum
279 1081 319 1113 de
335 1081 479 1123 predicto
496 1081 626 1113 redditu
642 1085 673 1113 et
689 1081 842 1123 predictis
862 1082 999 1113 servitiis
1022 1081 1115 1114 nobis
1138 1083 1266 1125 integre
1289 1085 1322 1114 et
1345 1083 1413 1114 sine
1437 1082 1552 1115 fraude
1575 1095 1641 1116 non

151 1150 386 1192 responderint,
402 1149 511 1182 licebit
528 1149 621 1182 nobis
636 1150 758 1182 dictam
773 1154 893 1182 terram
914 1162 1035 1193 capere,
1053 1154 1085 1183 et
1100 1154 1219 1190 tenere,
1237 1152 1338 1184 donee
1354 1152 1393 1184 de
1410 1152 1496 1184 dicto
1511 1153 1642 1185 redditu

151 1221 271 1258 nostro,
295 1230 362 1251 una
385 1230 459 1251 cum
484 1219 655 1263 arreragiis
678 1223 746 1252 tam
768 1220 915 1252 redditus
938 1221 1039 1252 nostri
1063 1231 1161 1262 quam
1184 1221 1389 1253 servitiorum
1411 1222 1641 1264 predictorum,

151 1288 244 1321 nobis
273 1289 417 1330 plenarie
448 1289 672 1321 satisfecerint.
728 1289 770 1321 In
802 1290 853 1332 cuj
858 1302 895 1322 us
925 1291 971 1321 rei
1002 1290 1225 1322 testimonium
1255 1302 1397 1333 praesens
1424 1291 1579 1333 scriptum
1606 1292 1642 1324 in

149 1358 284 1390 modum
307 1358 501 1401 cyrographi
516 1359 602 1391 inter
617 1370 675 1391 nos
691 1359 876 1392 confectum
899 1364 956 1397 est,
974 1360 1067 1402 cujus
1090 1372 1191 1392 unam
1214 1363 1350 1403 partem,
1368 1360 1475 1403 sigillo
1502 1362 1641 1394 ecclesiae

150 1429 269 1459 nostrae
285 1426 457 1465 munitam,
475 1427 520 1459 eis
535 1427 739 1467 tradidimus,
757 1429 892 1460 alteram
909 1440 983 1461 vero
999 1432 1134 1471 partem,
1152 1429 1268 1472 sigillis
1286 1430 1430 1472 ipsorum
1446 1430 1639 1469 roboratam,

149 1506 247 1537 penes
263 1507 321 1528 nos
336 1496 540 1528 retinuimus.
588 1496 667 1529 Hiis
682 1497 827 1529 testibus.

800 1668 989 1701 OCXXIV.

150 1747 313 1780 GRANT
359 1748 426 1781 BY
470 1749 747 1782 MORADUTH
794 1751 857 1783 ΟΒ,
909 1750 1143 1783 MOREDUC
1188 1751 1252 1783 ΑΡ
1298 1751 1521 1789 GARADOC
1575 1751 1634 1784 ΤΟ

258 1817 470 1851 MARGAM
492 1818 666 1859 ABBEY,
684 1819 749 1852 ΟΝ
769 1819 851 1852 HIS
874 1819 1145 1853 RECEPTION
1166 1819 1281 1853 INTO
1307 1820 1632 1861 FRATERNPPY,

258 1886 318 1918 OF
363 1887 663 1921 PROTECTION
717 1888 772 1921 IN
819 1889 1059 1928 GENERAL,
1107 1888 1390 1922 EASEMENTS
1444 1890 1498 1922 IN
1552 1890 1634 1923 HIS

257 1954 397 1988 WOOD
429 1956 523 1989 FOR
553 1956 919 1990 LANTMEUTHIN
951 1957 1160 1998 GRANGE,
1194 1970 1264 1991 arc.

616 2038 749 2082 [HARL.
775 2039 952 2079 CHARTER,
978 2041 1019 2071 75
1044 2040 1073 2072 Β
1099 2040 1170 2083 28.]
1508 2041 1587 2074 S.D.

189 2117 348 2151 Omnibus
374 2118 492 2152 Sancte
517 2120 647 2153 ecclesie
675 2121 750 2153 filiis
772 2121 974 2154 MonAnUru
1001 2122 1087 2154 filius
1112 2114 1293 2154 KARADOOI
1321 2123 1468 2155 salutem.
1516 2122 1632 2156 Sciatis

144 2187 231 2229 quod
255 2188 410 2230 quoniam
432 2192 578 2231 receptus
601 2201 673 2222 sum
696 2190 731 2222 in
754 2191 885 2233 plenam
907 2191 1147 2224 fraternitatem
1171 2192 1286 2224 domus
1309 2193 1349 2224 de
1376 2191 1533 2224 MARGAN
1555 2195 1633 2225 tunc

142 2256 249 2298 reoepi
264 2259 297 2289 et
312 2268 372 2299 ego
388 2257 522 2290 domum
538 2258 641 2300 ipsam
657 2261 690 2292 et
706 2260 816 2292 omnia
831 2271 893 2302 que
909 2261 950 2292 ad
966 2260 1071 2302 ipsam
1087 2263 1234 2303 spectant
1250 2264 1283 2293 et
1298 2261 1440 2293 maxime
1460 2262 1633 2305 grangiam
