1998 2724
1539 157 1604 189 245

842 429 973 462 CCXL.

184 513 347 547 GRANT
382 513 449 546 BY
482 511 638 551 ESPUS,
677 512 766 545 SON
801 512 861 545 OF
894 512 1079 545 ORADOO
1115 512 1194 551 DU,
1230 511 1288 544 ΤΟ
1321 511 1533 545 MARGAM
1566 514 1626 546 OF

315 582 449 616 LAND
481 582 541 615 OF
558 581 672 614 *THE
703 581 797 614 FEE
829 581 888 614 OF
919 581 1183 615 PEITTEVIN
1214 581 1269 614 IN
1297 581 1493 615 KENFIG.

713 663 885 707 [MARGAM
909 664 1102 705 CHARTER]
1526 665 1603 698 SD.

206 748 366 781 Omnibus
382 747 499 780 Sancte
515 748 644 780 ecclesie
661 747 736 779 filiis
754 760 782 788 p.
801 750 834 778 et
849 746 872 778 f.
890 746 1000 778 Espns
1016 747 1102 778 filius
1118 746 1252 779 CRADoc
1268 746 1336 779 Dn’
1354 748 1500 780 salutem.

206 816 322 850 Sciatis
348 828 399 848 me
427 817 613 849 concessisse
637 819 669 847 et
693 816 817 848 dedisse
841 818 872 848 et
896 817 1036 858 presenti
1060 818 1147 848 carta
1168 816 1371 849 confirmasse
1387 816 1458 849 Deo
1474 820 1507 849 et
1522 818 1652 850 ecclesie

161 887 278 919 Sancte
304 886 422 919 Mami:
448 887 487 919 de
510 886 661 918 MARGAN
688 888 748 917 etc.
773 885 986 917 servientibus
1001 888 1106 917 totam
1123 888 1242 918 terram
1258 897 1364 918 meam
1381 898 1479 929 quam
1495 887 1594 919 habui
1610 888 1651 920 de

160 957 253 989 feodo
278 956 469 988 Pmrravm
494 956 528 988 in
544 955 706 988 territorio
723 956 762 987 de
779 954 956 987 KENEFEH
973 955 1008 986 iu
1025 955 1233 987 elemosinam
1250 955 1385 988 liberam
1402 963 1434 988 et
1451 957 1593 999 quietam
1611 957 1652 990 ab

162 1027 251 1059 omni
278 1026 413 1059 seculari
440 1026 672 1058 consuetudine
704 1028 737 1057 et
763 1025 930 1057 exactione
958 1026 1037 1057 sicut
1070 1025 1138 1057 ulla
1168 1025 1342 1057 elemosina
1380 1026 1512 1058 liberius
1550 1028 1653 1060 teneri

161 1098 266 1138 potest
285 1121 291 1127 .
311 1095 491 1127 Reddendo
508 1095 678 1127 annuatim
706 1095 787 1127 mihi
813 1098 844 1126 et
872 1095 1043 1127 heredibus
1067 1095 1147 1127 meis
1172 1095 1207 1126 in
1231 1098 1423 1137 perpetuum
1450 1096 1651 1130 solummodo

161 1164 331 1196 dimidiam
354 1176 496 1196 marcam
520 1176 576 1207 pro
602 1165 689 1197 omni
707 1165 848 1197 servitio.
896 1165 941 1197 Et
958 1166 1122 1197 sciendum
1139 1165 1226 1207 quod
1242 1165 1336 1197 initio
1352 1165 1452 1208 hujus
1468 1166 1653 1199 donationis

161 1234 268 1277 accepi
283 1246 340 1277 pre
355 1234 505 1267 manibus
527 1235 654 1266 firmam
680 1245 728 1266 VJ.
755 1245 916 1265 anuomm
942 1234 1059 1265 scilicet
1089 1244 1143 1265 11J.
1170 1244 1293 1265 marcas
1312 1234 1399 1265 unde
1418 1234 1486 1276 ipse
1502 1235 1652 1268 monachi

160 1304 263 1346 quieti
287 1304 353 1335 sint
380 1315 480 1346 usque
504 1305 547 1336 ad
577 1306 707 1336 tantum
737 1304 916 1336 terminum
954 1303 1183 1345 perimpletum
1222 1306 1254 1334 et
1292 1305 1469 1336 secundum
1501 1305 1587 1346 quod
1626 1305 1653 1338 si

161 1373 333 1415 contigerit
362 1385 412 1405 me
438 1373 519 1405 mori
542 1376 718 1415 antequam
742 1373 892 1405 heredem
917 1372 1053 1404 habeam
1081 1373 1121 1404 de
1149 1383 1248 1404 uxore
1276 1384 1347 1404 mea
1378 1372 1446 1404 filia
1477 1372 1561 1405 Res-1
1594 1374 1654 1406 fih’i

160 1441 289 1474 Evam
321 1444 422 1474 totam
454 1442 632 1484 predictam
659 1445 777 1474 terram
806 1441 872 1473 illis
900 1441 975 1472 dedi
994 1441 1028 1472 in
1045 1441 1251 1472 elemosinam
1268 1452 1382 1483 puram
1399 1444 1432 1473 et
1448 1442 1592 1484 quietam
1608 1443 1650 1475 ab

158 1511 247 1543 omni
274 1512 413 1543 servitio.
469 1511 504 1543 Si
529 1523 603 1543 vero
626 1512 799 1554 contigerit
826 1523 875 1542 me
899 1510 1016 1542 habere
1040 1510 1190 1541 heredem
1209 1512 1282 1552 post
1300 1513 1435 1542 mortem
1452 1523 1555 1543 meam
1573 1513 1650 1544 dedi

159 1580 204 1612 eis
237 1581 343 1612 xmcffffl‘
377 1592 465 1613 acras
503 1581 600 1613 simul
635 1593 706 1613 cum
745 1592 874 1622 corpore
920 1592 988 1611 meo
1027 1580 1061 1610 in
1099 1591 1215 1621 puram
1255 1579 1462 1612 elemosinam
1502 1583 1535 1612 et
1570 1582 1651 1614 duos

159 1649 295 1682 clamavi
322 1650 440 1683 solidos
467 1651 591 1693 quietos
615 1662 696 1693 quos
720 1651 861 1692 accipere
882 1649 1023 1681 solebam
1039 1649 1079 1680 de
1095 1648 1239 1691 predicta
1254 1649 1355 1680 firma.
1404 1649 1450 1681 Et
1465 1649 1524 1682 hec
1540 1651 1650 1683 omnia

159 1718 294 1751 firmiter
309 1721 449 1752 tenenda
469 1724 501 1752 et
529 1720 768 1752 warentizanda
797 1719 831 1751 in
857 1722 1050 1761 perpetuum
1076 1718 1205 1750 affidavi
1228 1720 1261 1749 et
1280 1729 1375 1760 super
1391 1729 1479 1750 sacra
1494 1719 1602 1761 juravi
1618 1722 1651 1752 et

155 1788 280 1831 plegios
299 1789 410 1821 inveni
431 1789 551 1821 scilicet
575 1789 698 1822 Rsssrm
722 1789 814 1821 Com)
841 1792 875 1821 et
898 1789 1015 1820 fratres
1036 1787 1108 1830 ejus
1125 1813 1130 1818 .
1150 1787 1335 1819 ITHELLUM
1352 1787 1455 1819 filium
1475 1787 1599 1820 Rrwm,
1615 1792 1648 1821 et

155 1856 272 1889 fratres
287 1858 359 1900 ejus
377 1884 382 1889 .
402 1858 610 1891 GALFRIDUM
627 1859 731 1890 filium
749 1858 961 1891 emmunim
978 1857 1033 1889 DU
1052 1859 1084 1889 et
1099 1856 1217 1888 fratres
1233 1856 1313 1898 ejus.

200 1926 273 1959 Seal
301 1927 434 1969 pointed
460 1928 542 1967 ovaL
568 1927 679 1960 brown
707 1940 799 1967 wax;
825 1940 844 1959 a
873 1929 986 1960 dexter
1012 1926 1102 1958 hand
1128 1926 1254 1968 issuing
1278 1926 1360 1957 from
1384 1925 1439 1958 the
1454 1937 1571 1969 proper
1585 1926 1646 1959 left

156 1995 313 2038 grasping
329 2007 348 2028 a
363 1995 528 2028 bannered
542 1997 634 2029 lance
649 1998 684 2030 in
700 1998 783 2039 pale.

567 2068 575 2082 ‘
595 2070 625 2099 ÷
643 2077 754 2098 SIGILL
770 2077 828 2098 ESP
847 2090 1053 2097 .......
1070 2063 1234 2096 cmmocr’

199 2134 420 2166 Endorsed—‘
433 2135 541 2177 Espus
564 2136 650 2168 fih'us
674 2135 829 2168 Caradoci
844 2135 878 2167 in
896 2133 1071 2173 Petteuin‚'
1088 2134 1154 2165 and
1169 2134 1204 2165 in
1220 2145 1239 2165 a
1254 2132 1337 2165 later
1351 2133 1440 2166 hand
1457 2137 1465 2151 ‘
1478 2134 1643 2177 Kenfige.’
