1998 2724
1563 186 1626 217 603

818 417 1038 450 DLXXVII.

191 497 311 530 SALE
342 497 407 530 BY
438 497 660 530 MAURIGE
693 497 890 531 GRAMUS
921 499 979 531 ΤΟ
1011 498 1223 532 MARGAM
1253 499 1417 531 ABBEY
1445 499 1504 531 OF
1534 499 1667 532 LAND

297 566 360 599 AT
407 566 636 599 GOYLAKE
683 567 777 600 FOR
822 568 918 600 ONE
965 568 1209 601 HUNDRED
1255 568 1514 601 SHILLINGS
1566 569 1668 601 AND

297 636 331 668 A
362 636 563 669 YEARLY
594 636 734 669 RENT.

651 718 783 761 [HARL.
810 718 986 758 CHARTER,
1012 721 1052 751 75
1077 719 1112 752 C.
1140 719 1208 762 15]
1531 721 1624 753 1253.

234 800 404 833 Universis
421 800 563 833 CHRISTI
581 800 730 833 fidelibus
745 812 875 843 presens
891 802 1046 844 seriptum
1072 802 1186 834 visuris
1211 802 1261 834 vel
1287 802 1446 834 audituris
1473 803 1670 835 Mnnucms

192 871 336 904 GRAMUS
360 871 495 902 salutem
518 870 553 902 in
577 870 718 902 domino.

230 940 367 973 Noverit
398 940 589 972 universitas
619 943 724 972 vestra
758 951 809 972 me
841 951 899 982 pro
934 940 1083 972 manibus
1115 941 1271 983 accepisse
1295 952 1314 972 a
1337 941 1468 973 domino
1491 941 1606 973 abbate
1630 942 1669 973 de

188 1010 344 1043 MARGAN
361 1012 392 1042 et
408 1009 553 1052 ejusdem
570 1009 631 1041 loci
647 1012 808 1041 conventu
825 1035 831 1041 .
849 1021 935 1041 anno
951 1010 1075 1042 domini
1091 1016 1137 1041 M0·
1156 1015 1209 1042 cc0·
1228 1016 1268 1042 L0·
1286 1011 1382 1042 tertio
1399 1013 1529 1042 eentum
1553 1011 1670 1043 solidos

189 1079 317 1123 argenti
334 1105 340 1111 .
358 1090 415 1122 pro
431 1081 569 1121 quatuor
584 1079 665 1110 aeris
681 1081 763 1110 terre
779 1082 810 1110 et
828 1079 963 1110 dimidia
979 1090 1052 1111 oum
1064 1079 1277 1121 pertinentiis.
1327 1079 1474 1114 Quarum
1487 1081 1550 1112 due
1561 1080 1670 1122 jacent

187 1149 283 1193 juxta
298 1151 417 1181 terram
434 1148 588 1180 HENRICI
613 1148 733 1180 BARET
751 1174 756 1179 .
775 1148 809 1180 in
833 1148 981 1180 orientali
1006 1151 1096 1191 parte
1122 1175 1126 1180 .
1153 1152 1185 1180 et
1208 1161 1270 1191 que
1296 1149 1405 1191 jacent
1426 1149 1522 1191 juxta
1548 1152 1668 1182 terram

187 1218 351 1250 Huaoms
369 1217 499 1259 juvenis
524 1243 529 1248 .
555 1217 589 1248 in
613 1216 803 1249 occidentali
826 1219 927 1259 parte.
976 1217 1021 1249 Et
1045 1218 1225 1250 extendunt
1249 1229 1281 1249 se
1302 1229 1411 1250 omnes
1427 1219 1511 1250 dicte
1528 1222 1667 1260 quatuor

184 1300 255 1321 aere
278 1288 312 1319 in
335 1287 541 1330 longitudine
565 1299 583 1319 a
606 1298 727 1329 magna.
751 1287 802 1318 via
834 1298 933 1329 usque
968 1288 1009 1319 ad
1045 1286 1244 1319 GOYELAKE.
1303 1287 1452 1320 Dimidia
1487 1300 1560 1320 vero
1597 1300 1670 1320 aera

188 1358 273 1401 jacet
311 1357 395 1389 inter
432 1360 551 1389 terram
593 1356 823 1389 monachorum
863 1357 903 1388 de
946 1355 1100 1388 MARGAN
1144 1368 1242 1398 quam
1282 1356 1466 1389 habuerunt
1506 1369 1545 1389 ex
1586 1358 1672 1389 douo

189 1426 353 1459 HUGONIS
377 1426 522 1458 GRAMUS
545 1426 655 1458 fratris
677 1426 741 1458 mei
766 1451 772 1456 .
797 1428 830 1458 et
853 1430 972 1458 terram
997 1424 1123 1457 Tuom
1149 1425 1293 1458 GRAMUS
1324 1426 1358 1457 in
1396 1426 1533 1469 longum
1566 1438 1668 1469 usque

189 1495 388 1527 GOYELAKE.
435 1494 489 1526 Ita
512 1495 661 1527 videlicet
685 1495 771 1537 quod
798 1494 903 1526 dietus
928 1494 1026 1526 abbas
1057 1498 1088 1526 et
1121 1497 1297 1526 conventus
1335 1495 1472 1527 reddent
1504 1495 1585 1526 mihi
1619 1495 1670 1527 vel

189 1564 360 1597 heredibus
375 1564 455 1596 meis
469 1564 546 1596 inde
562 1564 732 1596 annuatim
749 1566 887 1606 quatuor
903 1564 1049 1595 denarios
1065 1564 1106 1595 ad
1127 1563 1251 1596 Pascha
1277 1590 1283 1596 .
1311 1564 1467 1606 quamdiu
1493 1565 1671 1606 predictam

187 1636 308 1665 terram
323 1633 496 1665 tenuerint.
544 1633 641 1669 Quod
657 1633 683 1664 si
699 1644 760 1676 ego
776 1633 826 1665 vel
842 1633 975 1664 heredes
991 1633 1055 1664 mei
1070 1633 1191 1665 dietam
1206 1636 1324 1665 terram
1336 1633 1511 1675 aliquando
1521 1645 1669 1666 revocare

190 1703 387 1735 voluerimus
404 1728 411 1734 .
428 1702 572 1745 predicto
587 1702 697 1734 abbati
713 1705 745 1734 et
761 1702 934 1734 conventui
950 1703 989 1734 de
1002 1704 1132 1734 eentum
1145 1702 1255 1734 solidis
1267 1702 1409 1744 plenarie
1425 1703 1666 1735 satisfaciemus.

190 1771 325 1804 Domini
341 1771 427 1814 regis
443 1771 493 1803 vel
510 1771 634 1803 comitis
650 1771 759 1813 aliqua
783 1770 1001 1814 prohibitione
1026 1782 1091 1803 non
1113 1771 1270 1804 obstante.
1317 1771 1359 1803 In
1385 1772 1479 1814 eujus
1505 1773 1551 1804 rei
1576 1772 1665 1804 testi-

188 1840 334 1872 monium
349 1839 424 1871 huie
440 1840 556 1882 scripto
572 1839 717 1882 sigillum
733 1851 841 1872 meum
858 1839 1001 1882 apposui.
1049 1839 1127 1871 Hiis
1143 1839 1278 1872 testibus
1296 1866 1301 1871 .
1321 1840 1497 1873 WALTERO
1517 1840 1640 1872 LUUEL
1658 1865 1665 1873 .

189 1909 316 1941 Tuom
341 1908 487 1941 GRAMUS
512 1934 517 1940 .
543 1912 576 1941 et
599 1909 741 1941 Romano
765 1908 911 1941 GRAMUS
935 1907 1089 1940 fratribus
1112 1908 1191 1940 meis
1216 1935 1222 1940 .
1248 1908 1376 1941 ΤΗοΜΑ
1400 1910 1440 1941 de
1472 1909 1633 1941 CORNELY
1659 1935 1665 1941 .

193 1977 361 2010 Pmmppo
376 1978 593 2010 ALEXANDRO
611 2003 617 2009 .
635 1977 831 2011 WILLELMO
848 1977 1082 2009 FRANKELmN
1106 2003 1111 2009 .
1138 1977 1309 2010 Pmmpo
1326 1979 1439 2010 clerieo
1466 2004 1471 2009 .
1500 1978 1522 2010 J
1524 1989 1666 2010 OHANNE

189 2045 339 2079 WITARD
357 2073 363 2078 .
380 2049 413 2078 et
428 2047 540 2078 multis
555 2046 636 2078 aliis.

231 2114 315 2154 Seal,
330 2115 387 2146 red
405 2126 485 2153 wax,
502 2127 537 2147 as
552 2116 587 2147 in
604 2115 645 2146 75
663 2115 698 2147 O.
718 2116 767 2147 14.

231 2183 454 2215 Endorsed—‘
468 2183 565 2215 Carta
580 2183 731 2216 Maurieii
749 2183 889 2216 Gramus
906 2211 912 2216 .
931 2185 971 2217 de
987 2188 1117 2217 centum
1133 2185 1272 2218 solidos.'
