1998 2724
1560 170 1578 201 Q«

1582 171 1624 201 Ξ

832 502 1019 535 DLXXII.

187 596 350 630 GRANT
396 595 462 628 BY
500 595 638 636 JOHN,
679 596 767 629 SON
806 597 865 629 OF
904 597 1096 636 WRONU,
1136 596 1235 629 THE
1281 595 1557 635 PHYSIOIAN,
1605 597 1664 628 OF

297 665 431 698 LAND
460 665 515 697 IN
553 665 653 698 THE
692 665 785 697 FEE
824 666 884 698 OF
922 665 1303 699 BONEWILESTON
1352 665 1410 698 ΤΟ
1457 666 1668 698 MARGAM

297 734 469 767 ABBEY.

731 778 907 822 [MARGAM
932 779 1128 822 CHARTER]

450 861 565 893 CARTA
590 861 766 893 JOHANNIS
789 861 977 894 WRONUTH
1002 872 1044 892 DE
1070 872 1140 893 UNA
1163 871 1250 892 ACRA
1273 871 1395 892 TERRE.

231 942 343 975 Sciant
363 953 393 984 p.
418 945 450 974 et
473 942 496 974 f.
522 942 609 984 quod
627 953 688 985 ego
704 941 887 974 JOHANNES
904 942 989 974 filius
1006 941 1144 974 WRONU
1160 942 1277 974 medici
1293 943 1323 974 d.
1342 944 1374 974 et
1391 953 1416 974 c.
1435 946 1466 974 et
1483 943 1514 974 h.
1532 953 1562 984 p.
1581 954 1606 974 c.
1625 954 1667 974 m.

188 1011 375 1044 confirmavi
392 1011 432 1043 D.
451 1016 482 1043 et
499 1023 542 1043 ec.
557 1011 596 1043 B.
615 1011 662 1043 M.
681 1012 720 1042 de
735 1011 892 1043 MARGAN
909 1015 941 1042 et
956 1011 1121 1043 monachis
1136 1011 1157 1043 i.
1172 1011 1213 1043 D.
1227 1023 1248 1043 s.
1264 1011 1298 1042 in
1311 1022 1426 1053 puram
1436 1014 1469 1043 et
1480 1015 1669 1053 perpetuam

188 1081 396 1113 elemosinam
411 1092 511 1112 unam
528 1092 634 1113 acram
649 1083 733 1113 terre
749 1081 879 1113 arabilis
891 1082 925 1112 in
938 1081 1032 1113 feodo
1044 1081 1084 1112 de
1097 1080 1392 1113 BONEWILESTON'.
1408 1092 1469 1123 que
1482 1081 1670 1113 extenditur

185 1150 220 1182 in
236 1150 444 1193 longitudine
460 1149 500 1182 ab
523 1161 542 1182 a
565 1150 696 1192 quilone
719 1161 828 1182 versus
843 1153 989 1183 austrum
1018 1176 1024 1181 .
1051 1151 1085 1181 in
1110 1153 1201 1192 parte
1228 1149 1378 1182 orientali
1402 1149 1524 1182 habens
1549 1154 1668 1182 terram

186 1230 292 1251 meam
325 1245 331 1250 .
364 1222 395 1251 et
422 1219 457 1251 in
481 1222 571 1261 parte
595 1219 785 1252 occidentali
810 1224 930 1251 terram
953 1219 1112 1251 dictorum
1134 1219 1365 1251 monachorum
1392 1245 1397 1250 .
1423 1219 1457 1250 in
1481 1224 1572 1261 parte
1596 1231 1669 1251 vero

187 1289 367 1331 aquilonari
390 1291 510 1321 terram
533 1288 672 1322 WRONL'
697 1288 859 1322 WACHAN
889 1315 895 1321 .
925 1292 956 1320 et
981 1289 1015 1320 in
1039 1291 1129 1331 parte
1153 1289 1286 1320 australi
1309 1291 1429 1320 terram
1452 1289 1669 1331 predictorum

186 1358 426 1390 monachorum.
474 1357 664 1390 Tenendam
687 1362 719 1390 et
742 1358 926 1390 habendam
949 1359 989 1389 de
1013 1369 1062 1389 me
1087 1360 1119 1389 et
1141 1357 1313 1390 heredibus
1336 1358 1416 1390 meis
1438 1357 1499 1389 sibi
1531 1358 1565 1390 in
1597 1370 1668 1400 per·

186 1431 321 1470 petuum
340 1454 346 1459 .
364 1427 463 1460 libere
480 1427 587 1470 quiete
604 1453 610 1459 .
625 1431 657 1460 et
669 1427 799 1470 pacifice
815 1427 856 1459 ab
872 1428 959 1459 omni
976 1427 1148 1458 vexacione
1171 1427 1305 1458 seculari
1329 1431 1361 1458 et
1384 1427 1544 1459 demanda
1562 1454 1567 1459 .
1586 1427 1668 1459 sicut

186 1497 253 1529 ulla
286 1497 460 1529 elemosina
486 1496 618 1529 liberius
643 1500 675 1528 et
702 1496 846 1539 quiecius
870 1498 973 1528 teneri
997 1500 1029 1527 et
1052 1495 1162 1528 haberi
1186 1498 1301 1537 potest.
1350 1495 1395 1528 Et
1422 1507 1483 1539 ego
1506 1497 1668 1538 predictus

185 1565 207 1598 J
209 1576 370 1597 OHANNES
382 1565 469 1597 filius
485 1565 623 1597 WRONU
641 1568 673 1597 et
688 1565 822 1597 heredes
838 1566 902 1597 mei
917 1565 1095 1607 predictam
1112 1575 1217 1596 acram
1234 1567 1317 1596 terre
1333 1565 1485 1607 predictis
1500 1565 1667 1597 monachis

187 1636 298 1667 contra
314 1645 424 1666 omnes
440 1634 586 1666 homines
601 1638 633 1666 et
647 1634 786 1666 feminas
802 1635 836 1666 in
852 1640 1044 1677 perpetuum
1061 1633 1351 1665 warantizabimus.
1408 1634 1454 1666 Et
1470 1636 1508 1666 ut
1523 1635 1581 1666 hec
1596 1646 1668 1666 mea

185 1703 319 1736 donacio
351 1707 383 1735 et
406 1703 563 1735 concessio
598 1706 630 1735 et
652 1703 684 1735 h.
713 1715 744 1745 p.
771 1715 796 1735 c.
821 1714 863 1735 m.
889 1703 1091 1735 confirmacio
1118 1706 1188 1734 rata
1211 1706 1398 1744 permaneat
1421 1706 1454 1735 et
1477 1703 1601 1735 stabilis
1631 1703 1665 1734 in

183 1775 376 1815 perpetuum
394 1798 400 1804 .
418 1772 559 1814 presenti
575 1772 692 1815 scripto
709 1772 853 1815 sigillum
869 1783 978 1804 meum
995 1771 1138 1814 apposui.

228 1841 307 1873 Hiis
336 1841 471 1873 testibus
508 1866 513 1872 .
553 1841 684 1873 domino
716 1840 893 1874 WALTERO
923 1841 963 1872 de
994 1840 1119 1871 SULmA
1147 1865 1152 1871 .
1179 1839 1375 1872 WlLLELMO
1406 1840 1630 1872 FLANDRENSI
1657 1867 1661 1872 .

184 1910 355 1942 Pmmpo
378 1910 408 1942 le
432 1910 498 1941 SOR
523 1936 528 1941 .
555 1909 692 1942 WRONU
717 1910 880 1942 WACHAN
904 1910 943 1941 de
967 1909 1408 1941 PENDUUELIN.J011ANNE
1433 1909 1608 1942 Spmmm
1625 1911 1664 1941 de

184 1979 466 2011 BONEWILESTON’
493 2005 499 2010 .
525 1979 687 2012 Rosnm‘o
710 1980 750 2011 de
773 1979 878 2011 ANNE
903 2004 909 2010 .
935 1978 1062 2010 Tuom
1086 1978 1152 2010 filio
1176 1978 1325 2010 RmARm
1352 2004 1358 2010 .
1384 1985 1415 2011 et
1439 1980 1551 2010 multis
1578 1979 1659 2010 aliis.

230 2048 281 2070 The
294 2047 414 2070 ‘mansio'
426 2048 451 2069 of
463 2047 558 2070 Wronu
570 2048 678 2070 medicus
689 2048 709 2070 is
727 2048 869 2070 mentioned
887 2047 911 2069 in
931 2046 972 2069 the
990 2052 1062 2075 grant
1083 2047 1107 2069 of
1126 2047 1214 2069 Cecilin
1234 2047 1263 2069 de
1282 2047 1388 2070 Bouvill.
1407 2048 1529 2070 DXXIX.
1563 2047 1655 2069 Wronu

191 2089 301 2111 Wachan
313 2090 344 2111 ab
356 2089 449 2111 Wronu
462 2096 546 2111 occurs
559 2089 584 2111 in
595 2097 627 2111 an
639 2089 787 2117 abjuration.
800 2087 980 2111 CCCLXXVI.
1013 2088 1057 2110 See
1069 2089 1120 2110 also
1133 2089 1158 2111 in
1170 2090 1286 2111 advanee.
