1998 2724
1517 150 1580 181 705

158 304 350 337 Tenendum
375 306 407 337 et
433 304 618 337 habendum
643 305 703 337 sibi
729 307 761 337 et
791 304 962 338 heredibus
988 305 1054 337 suis
1079 306 1130 337 vel
1159 305 1330 348 assignatis
1355 306 1419 339 suis
1441 318 1498 349 pro
1520 318 1572 339 me
1595 310 1627 339 et

158 373 328 406 heredibus
342 374 422 405 meis
437 372 536 405 libere
559 374 666 415 quiete
689 374 819 416 pacifice
837 374 963 417 integ-re
985 376 1017 407 et
1037 374 1229 407 hereditarie
1250 374 1396 407 faciendo
1412 376 1579 408 servicium
1596 379 1628 408 et

156 442 318 474 redditum
341 442 471 484 capitali
493 442 624 474 domino
647 443 688 474 de
716 443 832 475 CocAN
857 444 1032 475 secundum
1054 445 1198 475 tenorem
1221 446 1306 476 carte
1328 445 1451 476 domini
1478 445 1627 477 Rmmm

157 511 196 542 de
212 509 328 542 CoeAN
345 510 509 552 quondam
525 510 648 542 domini
663 512 702 543 de
718 510 835 543 OOGAN
848 523 946 554 quam
961 512 995 543 in
1010 512 1106 554 pleno
1121 513 1276 544 comitatu
1291 514 1331 544 de
1346 513 1486 545 KARmr
1502 514 1628 556 prefato

157 577 352 611 WILLELMO
368 578 511 610 liberavi.
558 578 632 621 Ego
644 582 753 611 autem
765 580 870 612 dictus
885 579 1066 613 Ronmws
1076 580 1244 613 'rm-‹Raor
1260 584 1291 613 et
1306 581 1437 614 heredes
1452 582 1515 614 mei
1526 586 1628 615 totam

153 648 329 690 predictam
344 651 463 680 terram
479 659 552 680 oum
569 649 717 681 omnibus
734 649 942 691 pertinenciis
957 651 989 681 et
1004 649 1206 682 libertatibus
1218 650 1283 682 suis
1298 651 1422 692 prefato
1436 650 1629 683 erLELMo

154 719 186 748 et
201 716 371 749 heredibus
386 717 451 749 suis
466 718 517 749 vel
527 717 697 759 assignatis
707 718 771 750 suis
784 720 893 750 contra
909 729 1018 750 omnes
1033 718 1178 751 homines
1194 722 1227 751 et
1241 719 1379 751 feminas
1390 720 1424 751 in
1437 724 1628 762 perpetuum

154 785 440 817 warentizabimus.
488 785 553 818 Pro
565 785 624 818 hac
635 789 744 818 autem
757 787 932 819 donacione
945 788 1144 820 concessione
1157 790 1188 820 et
1200 788 1300 829 sigini
1311 789 1375 820 mei
1387 789 1629 821 confirmacione

154 854 244 886 dedit
270 853 350 886 mihi
377 854 539 896 predictus
566 854 782 887 Wmmmws
813 856 853 887 de
885 855 1036 888 RENGNY
1065 859 1135 889 octo
1165 868 1287 889 marcas
1318 858 1545 901 sterlingorum
1575 870 1631 901 pre

154 922 303 954 manibus
325 923 360 954 in
379 923 609 965 recognicione.
657 924 703 956 Et
730 928 767 956 ut
792 924 849 956 hee
872 935 944 956 mea
967 925 1100 957 donacio
1124 926 1280 958 concessio
1303 928 1336 958 et
1354 926 1453 968 sigilli
1472 927 1535 958 mei
1556 938 1629 959 con-

156 991 296 1023 firmacio
312 994 381 1024 rate
396 996 428 1024 et
444 992 574 1024 stabiles
589 995 778 1035 permaneat
795 993 877 1025 hanc
892 996 1072 1036 presentem
1088 997 1209 1026 cartam
1225 995 1324 1037 sigilli
1340 995 1403 1026 mei
1426 995 1633 1037 impressione

156 1059 311 1092 roboravi.
344 1060 422 1092 Hiis
436 1061 571 1094 testibus
585 1087 591 1092 .
606 1062 736 1094 domino
750 1062 864 1094 Pmno
877 1062 1060 1095 Pmcmm
1070 1066 1148 1095 tunc
1158 1064 1342 1096 vicecomite
1353 1065 1392 1095 de
1403 1063 1613 1096 CLAMORGAN
1628 1091 1633 1097 .

157 1129 317 1162 Ronmffo
333 1131 372 1162 de
388 1130 533 1163 SUMERY
551 1157 556 1163 .
575 1131 770 1164 WILLELMO
787 1132 1010 1165 FLANDRENsI
1029 1158 1035 1164 .
1050 1133 1246 1165 WILLELMO
1263 1133 1302 1164 de
1319 1132 1430 1164 Bimu
1449 1159 1455 1165 .
1473 1133 1633 1165 DAxnzLo

157 1198 255 1230 BERT
272 1224 278 1230 .
296 1198 402 1231 ADAM
418 1200 485 1232 filio
500 1199 613 1232 YSAAc
631 1226 636 1232 .
656 1200 836 1232 GALFRmo
852 1201 918 1233 filio
936 1201 1044 1233 Pmm
1063 1228 1068 1232 .
1086 1205 1118 1234 et
1133 1202 1244 1234 multis
1260 1202 1339 1234 aliis.

200 1269 301 1301 Small
316 1269 422 1301 round
437 1269 511 1308 seal,
530 1280 629 1312 green
646 1281 716 1302 wax
729 1282 735 1301 :
761 1281 780 1302 a
796 1270 995 1302 fleur-de-lis

643 1341 652 1355 ‘
670 1343 701 1375 -1-
723 1338 749 1370 s'
767 1364 773 1370 .
793 1350 936 1371 Romarm
952 1339 1134 1371 THVRGOD.'

198 1407 290 1429 Robert.
301 1407 329 1428 de
341 1406 450 1434 Sumery.
462 1406 571 1429 Wffliam
584 1407 748 1435 Blandi-ensis,
759 1408 807 1429 and
819 1407 929 1430 William
941 1408 970 1430 de
982 1408 1059 1430 Barri.
1071 1414 1143 1430 occur
1154 1408 1178 1429 in
1190 1415 1221 1430 an
1234 1408 1325 1430 Extent
1338 1409 1363 1430 of
1381 1409 1436 1430 1203?
1448 1410 1490 1437 (Ρ)

199 1449 285 1472 Daniel
297 1449 356 1471 Bert
368 1455 453 1471 occurs
465 1449 489 1471 in
502 1449 617 1472 Chai-tem
630 1449 689 1471 with
701 1449 810 1472 william
822 1450 851 1472 de
862 1450 939 1472 Bam-i.

201 1491 293 1514 Robert
305 1491 417 1520 Thurgot
431 1494 516 1520 grants
529 1494 555 1513 to
567 1491 677 1514 William
685 1492 714 1513 de
725 1492 828 1521 flengny
837 1492 871 1514 nn
882 1492 919 1514 his
932 1493 989 1515 land
997 1493 1021 1514 in
1029 1492 1070 1515 the
1079 1494 1116 1515 fee
1126 1493 1150 1515 ot
1161 1492 1243 1521 Cogan
1254 1494 1278 1520 (8
1288 1500 1353 1515 acre<
1363 1494 1394 1521 Ρ),
1406 1494 1430 1515 of
1440 1494 1518 1516 which
1531 1494 1577 1516 five
1584 1502 1624 1516 are

165 1541 196 1556 on
207 1533 249 1556 the
260 1533 305 1555 hill
316 1534 363 1555 aud
376 1533 442 1556 three
453 1536 479 1556 at
490 1534 532 1556 the
543 1534 608 1556 little
619 1535 704 1562 castle,
713 1538 737 1556 at
750 1542 764 1556 a
775 1535 844 1563 place
855 1535 934 1557 called
945 1535 971 1557 in
983 1534 1086 1563 English
1101 1535 1135 1558 Ye
1153 1535 1231 1563 suffe,
1241 1535 1279 1557 for
1291 1535 1370 1557 which
1383 1535 1412 1558 he
1424 1536 1443 1558 i:-
1456 1541 1481 1558 to
1492 1537 1524 1558 do
1535 1537 1625 1559 service

165 1579 191 1597 to
203 1576 244 1598 the
255 1575 319 1598 chief
330 1576 382 1597 lord
394 1576 418 1597 of
436 1575 527 1604 Cogam
539 1576 669 1605 according
681 1580 706 1598 to
719 1577 760 1598 the
771 1581 845 1599 tei-ms
862 1578 886 1599 of
899 1577 941 1599 the
953 1577 1054 1600 Charter
1070 1578 1096 1599 of
1112 1578 1153 1599 the
1170 1578 1232 1599 Lord
1246 1577 1351 1599 Richarul
1363 1579 1392 1600 de
1405 1578 1496 1606 Cogan,
1506 1580 1623 1607 formerly

166 1618 228 1640 Lord
246 1618 271 1640 of
288 1617 379 1646 Cogan,
396 1617 473 1640 which
495 1618 525 1640 he
542 1618 589 1640 had
608 1619 728 1640 delivered
750 1624 775 1641 to
792 1619 901 1641 William
920 1620 943 1641 in
961 1619 1007 1641 full
1024 1619 1100 1642 Court
1120 1625 1144 1641 nt
1165 1620 1265 1647 Cardiff,
1284 1621 1322 1642 for
1340 1620 1417 1642 which
1437 1620 1545 1643 Williani
1568 1622 1622 1650 paid

164 1660 232 1688 eight
243 1660 332 1682 marks.

201 1702 252 1724 The
263 1701 326 1724 Lord
337 1701 410 1724 Peter
422 1701 547 1729 pincerna,
559 1702 601 1724 the
612 1702 708 1731 Sheritf,
721 1703 740 1724 is
754 1711 766 1724 ;ι
780 1703 887 1725 witness.

798 1834 990 1867 DCXLIX.

158 1914 390 1953 WILLIAM,
421 1913 509 1946 SON
541 1914 599 1947 OF
632 1915 792 1948 ROGER
823 1915 921 1948 THE
952 1916 1156 1949 FOWLER
1187 1917 1246 1949 OF
1276 1917 1423 1950 DINAS
1455 1919 1628 1959 POWYS,

266 1976 452 2009 GRANTS
496 1977 530 2009 A
575 1977 840 2010 TENEMENT
878 1979 933 2011 IN
968 1979 1126 2012 COGAN
1168 1981 1261 2012 FEE
1300 1981 1357 2013 ΤΟ
1401 1981 1519 2014 MILO
1564 1982 1628 2014 DE

267 2038 499 2071 REINGNY.

653 2083 759 2126 [Anu.
785 2084 960 2125 CHARTER,
984 2086 1131 2129 24‚251.]
1506 2088 1583 2120 S.D.

201 2164 312 2196 Sciant
333 2166 496 2205 presentes
518 2166 551 2196 et
573 2164 676 2197 futuri
698 2167 786 2207 quod
810 2178 871 2209 ego
895 2166 1112 2199 WILLELMUS
1137 2168 1223 2200 filius
1246 2168 1381 2201 Roossm
1409 2169 1561 2201 Ancvms
1591 2171 1631 2202 de

158 2233 358 2265 DENASPOYS
384 2233 459 2265 dedi
483 2235 516 2265 et
542 2234 679 2266 concessi
708 2237 741 2266 et
765 2235 825 2267 hae
856 2236 996 2278 presenti
1023 2239 1110 2268 carta
1135 2248 1207 2269 mea
1229 2238 1414 2270 confirmavi
1435 2238 1568 2271 Muom
1592 2240 1632 2272 de

310 2340 362 2365 40
