1998 2724
339 163 402 197 512

293 323 425 356 decimis
441 349 447 356 .
466 327 499 356 et
514 324 626 356 ceteris
642 323 792 356 omnibus
808 334 881 365 quae
893 334 947 355 eos
966 322 1002 355 in
1017 322 1168 365 parochia
1191 323 1231 355 de
1256 322 1428 355 KENEFEG
1455 322 1652 366 continguus
1672 333 1778 356 coram

293 393 424 425 domino
439 393 472 426 S.
490 394 594 436 priore
611 394 650 426 de
667 392 860 425 STRUGULL'
878 392 1068 424 auctoritate
1085 391 1209 424 domini
1232 392 1378 424 OTToms
1403 391 1481 424 olim
1505 391 1606 434 legati
1630 392 1780 425 Ancum

291 465 379 494 mote
407 488 413 494 .
440 473 586 505 expresse
608 463 644 494 in
669 473 726 494 suo
751 463 906 505 perpetuo
932 461 1144 494 renunciasse.
1192 460 1239 493 Et
1264 472 1305 493 ne
1332 461 1487 504 promissa
1512 461 1708 493 devocentur
1744 461 1780 494 in

292 530 429 563 dubium
456 557 462 563 .
489 534 537 564 set
563 534 600 564 ut
624 534 695 564 rata
723 531 901 563 consistant
927 557 932 562 .
961 530 1020 563 hec
1047 529 1160 563 vobis.
1178 530 1281 562 literis
1307 529 1509 572 presentibus
1539 530 1646 573 sigillo
1670 534 1779 563 nostro

291 601 428 633 munitis
445 627 451 633 .
470 601 622 633 duximus
638 601 867 633 intimandum.

333 670 459 702 Datum
489 682 574 703 anno
601 670 834 703 incarnationis
844 669 1016 702 Dominice
1042 669 1214 702 millesimo
1238 669 1457 702 ducentesimo
1481 669 1642 702 tricesimo
1666 681 1752 702 nono
1769 695 1776 703 .

289 750 384 772 xnlJ.
401 740 549 772 kalendis
564 740 586 773 J
588 751 667 772 unu

332 809 573 852 Fragmentary
589 809 655 841 seal
670 809 705 841 in
722 820 821 852 green
837 820 919 841 wax.
969 808 1041 848 (See
1057 808 1167 848 Bis-ch,
1184 819 1237 851 pp.
1255 808 1367 847 2834,
1387 808 1497 850 1872.)

331 878 556 911 Endorsed—‘
569 878 767 911 confirmato
783 878 823 911 E.
847 878 1072 911 Landavensis
1094 878 1231 920 episcopi
1257 878 1297 910 de
1318 878 1411 910 terris
1437 880 1470 909 et
1493 877 1625 910 decimis
1649 878 1777 912 ecclesie

287 949 328 980 de
343 947 508 991 Kenefig.'

984 1113 1081 1148 DVI.

289 1196 496 1230 LIOENGE
536 1196 603 1229 BY
642 1196 793 1237 ELIAS,
831 1195 1008 1230 BISHOP
1046 1196 1106 1229 OF
1143 1195 1414 1235 LLANDAFF,
1462 1195 1520 1228 ΤΟ
1566 1195 1778 1228 MARGAM

417 1265 592 1305 ABBEY,
617 1266 711 1298 FOR
734 1266 910 1300 DIVINE
934 1264 1161 1299 SERVIOES
1184 1265 1239 1298 IN
1262 1256 1408 1298 MELIS
1433 1265 1642 1298 GRANGE.

757 1347 891 1391 [HARL.
916 1347 1092 1388 ΟΗΑΒΤΕΕ,
1117 1347 1158 1379 75
1183 1348 1225 1379 A.
1251 1346 1322 1390 26]
1633 1347 1727 1379 1239.

329 1430 500 1462 Universis
527 1430 671 1463 Cnmsrl
703 1431 852 1463 fidelibus
882 1432 924 1463 ad
950 1442 1030 1473 quos
1053 1441 1182 1473 presens
1209 1430 1363 1472 scriptum
1391 1430 1573 1472 pervenerit
1603 1455 1609 1461 .
1637 1429 1678 1462 E.
1712 1429 1776 1462 Dei

288 1500 396 1542 gratia
412 1499 656 1532 LANDAVENSIS
673 1501 838 1544 episcopus
855 1501 993 1533 salutem
1010 1526 1015 1532 .
1035 1499 1174 1542 grabiam
1193 1524 1198 1530 .
1217 1502 1249 1531 et
1264 1498 1531 1531 benedictionem.

332 1568 495 1604 Quoniam
527 1581 566 1601 ex
598 1570 698 1602 offifiio
729 1570 821 1602 nobis
851 1570 1000 1613 injuncto
1030 1568 1127 1611 justis
1157 1568 1339 1611 petentium
1369 1568 1535 1600 desideriis
1563 1570 1594 1600 et
1621 1568 1773 1610 precipue

288 1639 431 1670 virorum
456 1638 680 1681 religiosorum
707 1665 713 1671 .
740 1639 849 1671 animo
874 1650 933 1671 nos
963 1639 1054 1671 decet
1083 1637 1225 1680 benigno
1254 1638 1504 1669 condescendere
1534 1663 1539 1668 .
1570 1637 1774 1669 universitati

288 1710 392 1740 vestre
417 1707 619 1750 presentibus
644 1709 796 1741 duximus
824 1708 1073 1751 significandum
1099 1732 1106 1738 .
1127 1707 1213 1748 quod
1235 1718 1293 1738 nos
1314 1706 1526 1738 concessimus
1547 1706 1672 1738 dilectis
1700 1706 1775 1738 filiis

288 1777 406 1809 nostris
436 1777 545 1810 abbati
570 1778 720 1810 videlieet
746 1781 777 1810 et
806 1777 979 1810 conventui
1001 1778 1041 1809 de
1065 1776 1219 1808 MARGAN
1240 1778 1277 1808 ut
1298 1776 1333 1807 in
1353 1775 1491 1818 grangia
1514 1786 1572 1807 sua
1596 1776 1636 1808 de
1661 1775 1774 1807 MEms

287 1846 412 1878 divinia
441 1847 562 1889 possint
594 1847 762 1880 celebrare.
810 1847 861 1879 Ut
888 1850 997 1879 autem
1023 1858 1061 1879 ea
1085 1858 1147 1888 que
1175 1844 1366 1878 auctoritate
1393 1846 1502 1876 nostra
1526 1855 1671 1876 concessa
1699 1846 1774 1875 sunt

287 1915 450 1948 firmitatis
479 1915 578 1948 robur
608 1917 777 1959 optineant
804 1917 838 1948 in
870 1919 1061 1959 perpetuum
1095 1941 1101 1947 .
1134 1914 1274 1958 presenti
1306 1914 1423 1956 scripto
1455 1913 1599 1956 sigillum
1625 1916 1775 1945 nostrum

288 1984 505 2027 apposuimus.

331 2054 456 2086 Datum
472 2066 558 2087 anno
574 2055 678 2098 gratie
696 2062 740 2087 M0·
762 2061 797 2086 00-
817 2067 935 2088 XXXIX.
983 2055 1102 2088 Valeat
1118 2054 1310 2086 universitas
1326 2055 1430 2084 vestra
1447 2052 1480 2084 in
1497 2051 1648 2084 Domino.

335 2122 408 2155 Sea}
425 2124 489 2155 and
506 2125 704 2157 couuterscal
722 2125 756 2156 of
772 2125 826 2157 the
843 2125 976 2167 Bishop,
994 2124 1079 2167 light
1094 2124 1215 2162 brown,
1232 2122 1411 2164 imperfect.

332 2191 557 2224 Ειιᾶοιέθᾶ-ι
570 2192 666 2228 Quod
690 2194 785 2226 liceat
808 2194 901 2226 nobis
924 2194 1034 2226 divina
1055 2193 1198 2225 misteria
1213 2192 1247 2224 in
1264 2191 1403 2234 grangia
1418 2191 1458 2222 de
1475 2189 1572 2222 Melie
1588 2189 1746 2222 celebrare
1765 2215 1770 2220 .

290 2273 316 2292 a.
336 2261 375 2292 a.’
