<?xml version="1.0" encoding="UTF-8"?>
<!DOCTYPE html PUBLIC "-//W3C//DTD XHTML 1.0 Transitional//EN"
    "http://www.w3.org/TR/xhtml1/DTD/xhtml1-transitional.dtd">
<html xmlns="http://www.w3.org/1999/xhtml" xml:lang="en" lang="en">
 <head>
  <title>
</title>
<meta http-equiv="Content-Type" content="text/html;charset=utf-8" />
  <meta name='ocr-system' content='tesseract 3.04.00' />
  <meta name='ocr-capabilities' content='ocr_page ocr_carea ocr_par ocr_line ocrx_word'/>
</head>
<body>
  <div class='ocr_page' id='page_1' title='image "./cartaeetaliamuni02claruoft_0285.png"; bbox 0 0 1998 2724; ppageno 0'>
   <div class='ocr_carea' id='block_1_1' title="bbox 1519 162 1580 194">
    <p class='ocr_par' dir='ltr' id='par_1_1' title="bbox 1519 162 1580 194">
     <span class='ocr_line' id='line_1_1' title="bbox 1519 162 1580 194; baseline 0 0"><span class='ocrx_word' id='word_1_1' title='bbox 1519 162 1580 194; x_wconf 81' lang='lat'><strong>501</strong></span> 
     </span>
    </p>
   </div>
   <div class='ocr_carea' id='block_1_2' title="bbox 765 371 1022 405">
    <p class='ocr_par' dir='ltr' id='par_1_2' title="bbox 765 371 1022 405">
     <span class='ocr_line' id='line_1_2' title="bbox 765 371 1022 405; baseline 0 -1"><span class='ocrx_word' id='word_1_2' title='bbox 765 371 1022 405; x_wconf 80' lang='lat' dir='ltr'>GOOOXOVII.</span> 
     </span>
    </p>
   </div>
   <div class='ocr_carea' id='block_1_3' title="bbox 153 450 1628 562">
    <p class='ocr_par' dir='ltr' id='par_1_3' title="bbox 153 450 1628 562">
     <span class='ocr_line' id='line_1_3' title="bbox 153 450 1628 490; baseline -0.005 0"><span class='ocrx_word' id='word_1_3' title='bbox 153 457 272 490; x_wconf 85' lang='lat' dir='ltr'>SALE</span> <span class='ocrx_word' id='word_1_4' title='bbox 302 455 369 489; x_wconf 90' lang='lat' dir='ltr'><strong>BY</strong></span> <span class='ocrx_word' id='word_1_5' title='bbox 390 455 413 489; x_wconf 89' lang='lat' dir='ltr'><strong>J</strong></span> <span class='ocrx_word' id='word_1_6' title='bbox 416 455 520 488; x_wconf 90' lang='lat' dir='ltr'><strong>OHN</strong></span> <span class='ocrx_word' id='word_1_7' title='bbox 550 454 774 487; x_wconf 85' lang='lat' dir='ltr'><strong>LAHELES</strong></span> <span class='ocrx_word' id='word_1_8' title='bbox 805 454 863 487; x_wconf 86' lang='lat' dir='ltr'><strong>TO</strong></span> <span class='ocrx_word' id='word_1_9' title='bbox 894 452 1084 486; x_wconf 79' lang='lat' dir='ltr'>ROBERT</span> <span class='ocrx_word' id='word_1_10' title='bbox 1114 452 1179 486; x_wconf 86' lang='lat' dir='ltr'><strong>DE</strong></span> <span class='ocrx_word' id='word_1_11' title='bbox 1210 451 1384 484; x_wconf 83' lang='lat' dir='ltr'>PENRIS</span> <span class='ocrx_word' id='word_1_12' title='bbox 1409 451 1468 484; x_wconf 88' lang='lat' dir='ltr'><strong>OF</strong></span> <span class='ocrx_word' id='word_1_13' title='bbox 1495 450 1628 483; x_wconf 84' lang='lat' dir='ltr'>LAND</span> 
     </span>
     <span class='ocr_line' id='line_1_4' title="bbox 525 521 1256 562; baseline -0.005 -5"><span class='ocrx_word' id='word_1_14' title='bbox 525 524 580 557; x_wconf 93' lang='lat' dir='ltr'><strong>IN</strong></span> <span class='ocrx_word' id='word_1_15' title='bbox 610 523 962 562; x_wconf 77' lang='lat' dir='ltr'><strong>LANDGENUTH,</strong></span> <span class='ocrx_word' id='word_1_16' title='bbox 986 522 1042 555; x_wconf 88' lang='lat' dir='ltr'><strong>IN</strong></span> <span class='ocrx_word' id='word_1_17' title='bbox 1074 521 1256 555; x_wconf 80' lang='lat' dir='ltr'><strong>GOWER.</strong></span> 
     </span>
    </p>
   </div>
   <div class='ocr_carea' id='block_1_4' title="bbox 615 601 1588 649">
    <p class='ocr_par' dir='ltr' id='par_1_4' title="bbox 615 601 1588 649">
     <span class='ocr_line' id='line_1_5' title="bbox 615 601 1588 649; baseline -0.004 -11"><span class='ocrx_word' id='word_1_18' title='bbox 615 605 748 649; x_wconf 80' lang='lat' dir='ltr'>[HARL.</span> <span class='ocrx_word' id='word_1_19' title='bbox 774 605 949 644; x_wconf 78' lang='lat' dir='ltr'>CHARTER,</span> <span class='ocrx_word' id='word_1_20' title='bbox 974 606 1016 637; x_wconf 81' lang='lat'><strong>75</strong></span> <span class='ocrx_word' id='word_1_21' title='bbox 1040 604 1076 637; x_wconf 81' lang='lat' dir='ltr'><strong>O.</strong></span> <span class='ocrx_word' id='word_1_22' title='bbox 1102 603 1172 647; x_wconf 65' lang='lat'><strong>28]</strong></span> <span class='ocrx_word' id='word_1_23' title='bbox 1510 601 1588 634; x_wconf 69' lang='lat' dir='ltr'><strong>SD.</strong></span> 
     </span>
    </p>
   </div>
   <div class='ocr_carea' id='block_1_5' title="bbox 151 685 1639 1894">
    <p class='ocr_par' dir='ltr' id='par_1_5' title="bbox 151 685 1639 1894">
     <span class='ocr_line' id='line_1_6' title="bbox 197 685 1633 732; baseline -0.005 -10"><span class='ocrx_word' id='word_1_24' title='bbox 197 689 309 722; x_wconf 84' lang='lat' dir='ltr'><strong>Sciant</strong></span> <span class='ocrx_word' id='word_1_25' title='bbox 323 691 486 732; x_wconf 80' lang='lat' dir='ltr'><strong>presentes</strong></span> <span class='ocrx_word' id='word_1_26' title='bbox 508 691 541 721; x_wconf 84' lang='lat' dir='ltr'><strong>et</strong></span> <span class='ocrx_word' id='word_1_27' title='bbox 564 688 665 720; x_wconf 80' lang='lat' dir='ltr'><strong>futuri</strong></span> <span class='ocrx_word' id='word_1_28' title='bbox 686 687 772 729; x_wconf 87' lang='lat' dir='ltr'><strong>quod</strong></span> <span class='ocrx_word' id='word_1_29' title='bbox 791 698 851 730; x_wconf 86' lang='lat' dir='ltr'><strong>ego</strong></span> <span class='ocrx_word' id='word_1_30' title='bbox 870 687 893 719; x_wconf 84' lang='lat' dir='ltr'><strong>J</strong></span> <span class='ocrx_word' id='word_1_31' title='bbox 894 698 1053 719; x_wconf 38' lang='lat' dir='ltr'><strong>oniaNNEs</strong></span> <span class='ocrx_word' id='word_1_32' title='bbox 1074 686 1238 718; x_wconf 70' lang='lat' dir='ltr'><strong>LfflELEs</strong></span> <span class='ocrx_word' id='word_1_33' title='bbox 1261 685 1347 718; x_wconf 87' lang='lat' dir='ltr'><strong>filius</strong></span> <span class='ocrx_word' id='word_1_34' title='bbox 1365 711 1371 716; x_wconf 94' lang='lat'>.</span> <span class='ocrx_word' id='word_1_35' title='bbox 1391 710 1397 716; x_wconf 92' lang='lat'>.</span> <span class='ocrx_word' id='word_1_36' title='bbox 1417 710 1423 716; x_wconf 90' lang='lat'>.</span> <span class='ocrx_word' id='word_1_37' title='bbox 1442 695 1557 716; x_wconf 74' lang='lat' dir='ltr'>LAHEL</span> <span class='ocrx_word' id='word_1_38' title='bbox 1574 709 1580 715; x_wconf 94' lang='lat'>.</span> <span class='ocrx_word' id='word_1_39' title='bbox 1600 709 1607 715; x_wconf 89' lang='lat'><strong>.</strong></span> <span class='ocrx_word' id='word_1_40' title='bbox 1627 710 1633 715; x_wconf 95' lang='lat'>.</span> 
     </span>
     <span class='ocr_line' id='line_1_7' title="bbox 152 752 1633 799; baseline -0.005 -7"><span class='ocrx_word' id='word_1_41' title='bbox 152 759 285 792; x_wconf 77' lang='lat' dir='ltr'><strong>vendidi</strong></span> <span class='ocrx_word' id='word_1_42' title='bbox 300 761 333 791; x_wconf 90' lang='lat' dir='ltr'><strong>et</strong></span> <span class='ocrx_word' id='word_1_43' title='bbox 348 758 488 791; x_wconf 73' lang='lat' dir='ltr'><strong>concessi</strong></span> <span class='ocrx_word' id='word_1_44' title='bbox 502 760 534 790; x_wconf 87' lang='lat' dir='ltr'><strong>et</strong></span> <span class='ocrx_word' id='word_1_45' title='bbox 550 757 609 789; x_wconf 86' lang='lat' dir='ltr'><strong>hac</strong></span> <span class='ocrx_word' id='word_1_46' title='bbox 625 757 766 799; x_wconf 79' lang='lat' dir='ltr'><strong>presenti</strong></span> <span class='ocrx_word' id='word_1_47' title='bbox 783 759 870 788; x_wconf 83' lang='lat' dir='ltr'><strong>carta</strong></span> <span class='ocrx_word' id='word_1_48' title='bbox 883 768 954 788; x_wconf 91' lang='lat' dir='ltr'><strong>mea</strong></span> <span class='ocrx_word' id='word_1_49' title='bbox 971 755 1158 788; x_wconf 85' lang='lat' dir='ltr'><strong>confirmavi</strong></span> <span class='ocrx_word' id='word_1_50' title='bbox 1171 754 1334 787; x_wconf 69' lang='lat' dir='ltr'><strong>Rossnnro</strong></span> <span class='ocrx_word' id='word_1_51' title='bbox 1350 753 1390 785; x_wconf 89' lang='lat' dir='ltr'><strong>de</strong></span> <span class='ocrx_word' id='word_1_52' title='bbox 1402 752 1533 785; x_wconf 75' lang='lat' dir='ltr'><strong>PENms</strong></span> <span class='ocrx_word' id='word_1_53' title='bbox 1551 778 1558 784; x_wconf 93' lang='lat'><strong>.</strong></span> <span class='ocrx_word' id='word_1_54' title='bbox 1577 778 1584 784; x_wconf 90' lang='lat'>.</span> <span class='ocrx_word' id='word_1_55' title='bbox 1602 754 1633 785; x_wconf 88' lang='lat' dir='ltr'><strong>et</strong></span> 
     </span>
     <span class='ocr_line' id='line_1_8' title="bbox 153 822 1635 869; baseline -0.005 -9"><span class='ocrx_word' id='word_1_56' title='bbox 153 827 325 861; x_wconf 78' lang='lat' dir='ltr'><strong>heredibus</strong></span> <span class='ocrx_word' id='word_1_57' title='bbox 340 827 405 860; x_wconf 85' lang='lat' dir='ltr'><strong>suis</strong></span> <span class='ocrx_word' id='word_1_58' title='bbox 426 838 484 869; x_wconf 89' lang='lat' dir='ltr'><strong>pro</strong></span> <span class='ocrx_word' id='word_1_59' title='bbox 507 826 725 869; x_wconf 87' lang='lat' dir='ltr'><strong>quadraginta</strong></span> <span class='ocrx_word' id='word_1_60' title='bbox 748 825 864 857; x_wconf 84' lang='lat' dir='ltr'><strong>marcis</strong></span> <span class='ocrx_word' id='word_1_61' title='bbox 887 825 1015 868; x_wconf 78' lang='lat' dir='ltr'><strong>argenti</strong></span> <span class='ocrx_word' id='word_1_62' title='bbox 1038 836 1118 867; x_wconf 88' lang='lat' dir='ltr'><strong>quas</strong></span> <span class='ocrx_word' id='word_1_63' title='bbox 1142 824 1224 856; x_wconf 86' lang='lat' dir='ltr'><strong>mihi</strong></span> <span class='ocrx_word' id='word_1_64' title='bbox 1253 834 1310 866; x_wconf 88' lang='lat' dir='ltr'><strong>pre</strong></span> <span class='ocrx_word' id='word_1_65' title='bbox 1335 822 1485 855; x_wconf 89' lang='lat' dir='ltr'><strong>manibus</strong></span> <span class='ocrx_word' id='word_1_66' title='bbox 1508 822 1635 864; x_wconf 76' lang='lat' dir='ltr'><strong>pacavit</strong></span> 
     </span>
     <span class='ocr_line' id='line_1_9' title="bbox 151 891 1634 936; baseline -0.004 -7"><span class='ocrx_word' id='word_1_67' title='bbox 151 899 255 929; x_wconf 82' lang='lat' dir='ltr'><strong>totam</strong></span> <span class='ocrx_word' id='word_1_68' title='bbox 269 900 388 928; x_wconf 85' lang='lat' dir='ltr'><strong>terram</strong></span> <span class='ocrx_word' id='word_1_69' title='bbox 403 907 509 928; x_wconf 84' lang='lat' dir='ltr'><strong>meam</strong></span> <span class='ocrx_word' id='word_1_70' title='bbox 523 895 558 927; x_wconf 93' lang='lat' dir='ltr'><strong>in</strong></span> <span class='ocrx_word' id='word_1_71' title='bbox 574 895 673 927; x_wconf 81' lang='lat' dir='ltr'><strong>feudo</strong></span> <span class='ocrx_word' id='word_1_72' title='bbox 688 895 728 926; x_wconf 86' lang='lat' dir='ltr'><strong>de</strong></span> <span class='ocrx_word' id='word_1_73' title='bbox 751 894 997 926; x_wconf 75' lang='lat' dir='ltr'>LANGDENUTH</span> <span class='ocrx_word' id='word_1_74' title='bbox 1013 905 1093 936; x_wconf 85' lang='lat' dir='ltr'><strong>quas</strong></span> <span class='ocrx_word' id='word_1_75' title='bbox 1114 905 1174 935; x_wconf 87' lang='lat' dir='ltr'><strong>ego</strong></span> <span class='ocrx_word' id='word_1_76' title='bbox 1196 895 1228 924; x_wconf 89' lang='lat' dir='ltr'><strong>et</strong></span> <span class='ocrx_word' id='word_1_77' title='bbox 1244 895 1455 924; x_wconf 77' lang='lat' dir='ltr'><strong>antecessores</strong></span> <span class='ocrx_word' id='word_1_78' title='bbox 1475 891 1539 923; x_wconf 86' lang='lat' dir='ltr'><strong>mei</strong></span> <span class='ocrx_word' id='word_1_79' title='bbox 1561 891 1634 933; x_wconf 84' lang='lat' dir='ltr'><strong>jure</strong></span> 
     </span>
     <span class='ocr_line' id='line_1_10' title="bbox 155 960 1635 998; baseline -0.005 0"><span class='ocrx_word' id='word_1_80' title='bbox 155 965 347 998; x_wconf 77' lang='lat' dir='ltr'><strong>hereditario</strong></span> <span class='ocrx_word' id='word_1_81' title='bbox 371 964 536 997; x_wconf 84' lang='lat' dir='ltr'><strong>tenuimus</strong></span> <span class='ocrx_word' id='word_1_82' title='bbox 562 965 603 996; x_wconf 90' lang='lat' dir='ltr'><strong>de</strong></span> <span class='ocrx_word' id='word_1_83' title='bbox 631 963 792 996; x_wconf 60' lang='lat' dir='ltr'><strong>Roman-To</strong></span> <span class='ocrx_word' id='word_1_84' title='bbox 822 964 862 995; x_wconf 92' lang='lat' dir='ltr'><strong>de</strong></span> <span class='ocrx_word' id='word_1_85' title='bbox 893 963 925 994; x_wconf 87' lang='lat' dir='ltr'><strong>la</strong></span> <span class='ocrx_word' id='word_1_86' title='bbox 951 962 1057 994; x_wconf 74' lang='lat' dir='ltr'><strong>MARE</strong></span> <span class='ocrx_word' id='word_1_87' title='bbox 1089 966 1121 994; x_wconf 92' lang='lat' dir='ltr'><strong>et</strong></span> <span class='ocrx_word' id='word_1_88' title='bbox 1151 960 1403 994; x_wconf 81' lang='lat' dir='ltr'><strong>antecessoribus</strong></span> <span class='ocrx_word' id='word_1_89' title='bbox 1433 960 1498 992; x_wconf 89' lang='lat' dir='ltr'><strong>suis</strong></span> <span class='ocrx_word' id='word_1_90' title='bbox 1527 985 1533 992; x_wconf 93' lang='lat'><strong><em>.</em></strong></span> <span class='ocrx_word' id='word_1_91' title='bbox 1562 971 1635 992; x_wconf 90' lang='lat' dir='ltr'><strong>cum</strong></span> 
     </span>
     <span class='ocr_line' id='line_1_11' title="bbox 155 1029 1637 1076; baseline -0.004 -10"><span class='ocrx_word' id='word_1_92' title='bbox 155 1034 304 1067; x_wconf 88' lang='lat' dir='ltr'><strong>omnibus</strong></span> <span class='ocrx_word' id='word_1_93' title='bbox 319 1033 522 1076; x_wconf 83' lang='lat' dir='ltr'><strong>pertinentiis</strong></span> <span class='ocrx_word' id='word_1_94' title='bbox 540 1058 546 1064; x_wconf 90' lang='lat'>.</span> <span class='ocrx_word' id='word_1_95' title='bbox 564 1036 597 1065; x_wconf 89' lang='lat' dir='ltr'><strong>et</strong></span> <span class='ocrx_word' id='word_1_96' title='bbox 612 1032 816 1065; x_wconf 82' lang='lat' dir='ltr'><strong>libertatibus</strong></span> <span class='ocrx_word' id='word_1_97' title='bbox 831 1032 973 1074; x_wconf 85' lang='lat' dir='ltr'><strong>predicte</strong></span> <span class='ocrx_word' id='word_1_98' title='bbox 991 1035 1073 1063; x_wconf 81' lang='lat' dir='ltr'><strong>terre</strong></span> <span class='ocrx_word' id='word_1_99' title='bbox 1094 1030 1331 1073; x_wconf 85' lang='lat' dir='ltr'><strong>pertinentibus</strong></span> <span class='ocrx_word' id='word_1_100' title='bbox 1349 1055 1355 1061; x_wconf 94' lang='lat'>.</span> <span class='ocrx_word' id='word_1_101' title='bbox 1373 1032 1404 1061; x_wconf 91' lang='lat' dir='ltr'><strong>et</strong></span> <span class='ocrx_word' id='word_1_102' title='bbox 1422 1030 1503 1061; x_wconf 85' lang='lat' dir='ltr'><strong>sicut</strong></span> <span class='ocrx_word' id='word_1_103' title='bbox 1527 1029 1637 1071; x_wconf 86' lang='lat' dir='ltr'><strong>aliqua</strong></span> 
     </span>
     <span class='ocr_line' id='line_1_12' title="bbox 155 1099 1636 1144; baseline -0.005 -8"><span class='ocrx_word' id='word_1_104' title='bbox 155 1108 241 1136; x_wconf 84' lang='lat' dir='ltr'><strong>terra</strong></span> <span class='ocrx_word' id='word_1_105' title='bbox 261 1103 392 1135; x_wconf 83' lang='lat' dir='ltr'><strong>uberius</strong></span> <span class='ocrx_word' id='word_1_106' title='bbox 414 1103 485 1134; x_wconf 85' lang='lat' dir='ltr'><strong>dari</strong></span> <span class='ocrx_word' id='word_1_107' title='bbox 505 1102 556 1134; x_wconf 85' lang='lat' dir='ltr'><strong>vel</strong></span> <span class='ocrx_word' id='word_1_108' title='bbox 579 1102 677 1134; x_wconf 89' lang='lat' dir='ltr'><strong>vendi</strong></span> <span class='ocrx_word' id='word_1_109' title='bbox 700 1104 814 1144; x_wconf 84' lang='lat' dir='ltr'><strong>potest.</strong></span> <span class='ocrx_word' id='word_1_110' title='bbox 873 1101 994 1133; x_wconf 83' lang='lat' dir='ltr'><strong>Saluuo</strong></span> <span class='ocrx_word' id='word_1_111' title='bbox 1014 1100 1145 1132; x_wconf 78' lang='lat' dir='ltr'><strong>redditu</strong></span> <span class='ocrx_word' id='word_1_112' title='bbox 1167 1111 1275 1131; x_wconf 90' lang='lat' dir='ltr'><strong>annuo</strong></span> <span class='ocrx_word' id='word_1_113' title='bbox 1299 1110 1395 1141; x_wconf 89' lang='lat' dir='ltr'><strong>quem</strong></span> <span class='ocrx_word' id='word_1_114' title='bbox 1414 1109 1474 1141; x_wconf 88' lang='lat' dir='ltr'><strong>ego</strong></span> <span class='ocrx_word' id='word_1_115' title='bbox 1494 1099 1526 1130; x_wconf 87' lang='lat' dir='ltr'><strong>et</strong></span> <span class='ocrx_word' id='word_1_116' title='bbox 1547 1099 1636 1129; x_wconf 85' lang='lat' dir='ltr'><strong>ante-</strong></span> 
     </span>
     <span class='ocr_line' id='line_1_13' title="bbox 156 1166 1636 1212; baseline -0.004 -8"><span class='ocrx_word' id='word_1_117' title='bbox 156 1183 291 1205; x_wconf 82' lang='lat' dir='ltr'><strong>cessores</strong></span> <span class='ocrx_word' id='word_1_118' title='bbox 309 1171 372 1203; x_wconf 87' lang='lat' dir='ltr'><strong>mei</strong></span> <span class='ocrx_word' id='word_1_119' title='bbox 392 1171 525 1203; x_wconf 87' lang='lat' dir='ltr'><strong>reddere</strong></span> <span class='ocrx_word' id='word_1_120' title='bbox 548 1170 728 1203; x_wconf 82' lang='lat' dir='ltr'><strong>solebamus</strong></span> <span class='ocrx_word' id='word_1_121' title='bbox 749 1170 892 1212; x_wconf 86' lang='lat' dir='ltr'><strong>predicto</strong></span> <span class='ocrx_word' id='word_1_122' title='bbox 914 1170 1075 1202; x_wconf 79' lang='lat' dir='ltr'>ROBERTO</span> <span class='ocrx_word' id='word_1_123' title='bbox 1092 1169 1132 1201; x_wconf 89' lang='lat' dir='ltr'><strong>de</strong></span> <span class='ocrx_word' id='word_1_124' title='bbox 1152 1169 1184 1200; x_wconf 85' lang='lat' dir='ltr'><strong>la</strong></span> <span class='ocrx_word' id='word_1_125' title='bbox 1205 1168 1311 1200; x_wconf 76' lang='lat' dir='ltr'>MARE</span> <span class='ocrx_word' id='word_1_126' title='bbox 1332 1170 1365 1200; x_wconf 89' lang='lat' dir='ltr'><strong>et</strong></span> <span class='ocrx_word' id='word_1_127' title='bbox 1386 1166 1636 1199; x_wconf 82' lang='lat' dir='ltr'><strong>antecessoribus</strong></span> 
     </span>
     <span class='ocr_line' id='line_1_14' title="bbox 156 1236 1636 1273; baseline -0.004 0"><span class='ocrx_word' id='word_1_128' title='bbox 156 1241 221 1273; x_wconf 88' lang='lat' dir='ltr'><strong>suis</strong></span> <span class='ocrx_word' id='word_1_129' title='bbox 239 1267 245 1272; x_wconf 88' lang='lat'><em>.</em></span> <span class='ocrx_word' id='word_1_130' title='bbox 264 1240 413 1272; x_wconf 83' lang='lat' dir='ltr'><strong>videlicet</strong></span> <span class='ocrx_word' id='word_1_131' title='bbox 428 1240 508 1272; x_wconf 91' lang='lat' dir='ltr'><strong>duos</strong></span> <span class='ocrx_word' id='word_1_132' title='bbox 523 1239 641 1272; x_wconf 87' lang='lat' dir='ltr'><strong>solidos</strong></span> <span class='ocrx_word' id='word_1_133' title='bbox 657 1264 664 1271; x_wconf 89' lang='lat'>.</span> <span class='ocrx_word' id='word_1_134' title='bbox 682 1241 713 1271; x_wconf 89' lang='lat' dir='ltr'><strong>et</strong></span> <span class='ocrx_word' id='word_1_135' title='bbox 730 1242 800 1271; x_wconf 89' lang='lat' dir='ltr'><strong>octo</strong></span> <span class='ocrx_word' id='word_1_136' title='bbox 816 1238 964 1270; x_wconf 84' lang='lat' dir='ltr'><strong>denarios</strong></span> <span class='ocrx_word' id='word_1_137' title='bbox 983 1239 1024 1270; x_wconf 86' lang='lat' dir='ltr'><strong>ad</strong></span> <span class='ocrx_word' id='word_1_138' title='bbox 1045 1237 1170 1269; x_wconf 82' lang='lat' dir='ltr'><strong>Pascha</strong></span> <span class='ocrx_word' id='word_1_139' title='bbox 1187 1262 1193 1268; x_wconf 92' lang='lat'>.</span> <span class='ocrx_word' id='word_1_140' title='bbox 1213 1240 1245 1269; x_wconf 89' lang='lat' dir='ltr'><strong>et</strong></span> <span class='ocrx_word' id='word_1_141' title='bbox 1267 1237 1348 1269; x_wconf 87' lang='lat' dir='ltr'><strong>duos</strong></span> <span class='ocrx_word' id='word_1_142' title='bbox 1370 1236 1488 1268; x_wconf 89' lang='lat' dir='ltr'><strong>solidos</strong></span> <span class='ocrx_word' id='word_1_143' title='bbox 1511 1239 1543 1268; x_wconf 91' lang='lat' dir='ltr'><strong>et</strong></span> <span class='ocrx_word' id='word_1_144' title='bbox 1566 1238 1636 1268; x_wconf 77' lang='lat' dir='ltr'><strong>octo</strong></span> 
     </span>
     <span class='ocr_line' id='line_1_15' title="bbox 157 1304 1637 1350; baseline -0.004 -8"><span class='ocrx_word' id='word_1_145' title='bbox 157 1309 304 1342; x_wconf 85' lang='lat' dir='ltr'><strong>denarios</strong></span> <span class='ocrx_word' id='word_1_146' title='bbox 320 1309 361 1341; x_wconf 87' lang='lat' dir='ltr'><strong>ad</strong></span> <span class='ocrx_word' id='word_1_147' title='bbox 373 1309 492 1341; x_wconf 83' lang='lat' dir='ltr'><strong>festum</strong></span> <span class='ocrx_word' id='word_1_148' title='bbox 509 1307 620 1340; x_wconf 84' lang='lat' dir='ltr'><strong>Sancti</strong></span> <span class='ocrx_word' id='word_1_149' title='bbox 636 1307 842 1340; x_wconf 72' lang='lat' dir='ltr'><strong>Mrcfflnnls.</strong></span> <span class='ocrx_word' id='word_1_150' title='bbox 890 1308 936 1339; x_wconf 88' lang='lat' dir='ltr'><strong>Et</strong></span> <span class='ocrx_word' id='word_1_151' title='bbox 948 1310 1092 1350; x_wconf 86' lang='lat' dir='ltr'><strong>preterea</strong></span> <span class='ocrx_word' id='word_1_152' title='bbox 1107 1306 1189 1338; x_wconf 75' lang='lat' dir='ltr'><strong>mihi</strong></span> <span class='ocrx_word' id='word_1_153' title='bbox 1204 1311 1236 1338; x_wconf 84' lang='lat' dir='ltr'><strong>et</strong></span> <span class='ocrx_word' id='word_1_154' title='bbox 1250 1305 1421 1338; x_wconf 83' lang='lat' dir='ltr'><strong>heredibus</strong></span> <span class='ocrx_word' id='word_1_155' title='bbox 1436 1304 1516 1336; x_wconf 91' lang='lat' dir='ltr'><strong>meis</strong></span> <span class='ocrx_word' id='word_1_156' title='bbox 1531 1304 1637 1336; x_wconf 77' lang='lat' dir='ltr'><strong>dictus</strong></span> 
     </span>
     <span class='ocr_line' id='line_1_16' title="bbox 158 1373 1637 1419; baseline -0.004 -8"><span class='ocrx_word' id='word_1_157' title='bbox 158 1379 339 1411; x_wconf 78' lang='lat' dir='ltr'>ROBERTUS</span> <span class='ocrx_word' id='word_1_158' title='bbox 356 1380 388 1410; x_wconf 83' lang='lat' dir='ltr'><strong>et</strong></span> <span class='ocrx_word' id='word_1_159' title='bbox 403 1377 534 1410; x_wconf 88' lang='lat' dir='ltr'><strong>heredes</strong></span> <span class='ocrx_word' id='word_1_160' title='bbox 553 1377 625 1419; x_wconf 84' lang='lat' dir='ltr'><strong>ejus</strong></span> <span class='ocrx_word' id='word_1_161' title='bbox 641 1389 743 1409; x_wconf 90' lang='lat' dir='ltr'><strong>unum</strong></span> <span class='ocrx_word' id='word_1_162' title='bbox 760 1388 818 1419; x_wconf 86' lang='lat' dir='ltr'><strong>par</strong></span> <span class='ocrx_word' id='word_1_163' title='bbox 841 1376 1084 1418; x_wconf 85' lang='lat' dir='ltr'><strong>cyrothecarum</strong></span> <span class='ocrx_word' id='word_1_164' title='bbox 1101 1376 1142 1408; x_wconf 88' lang='lat' dir='ltr'><strong>ad</strong></span> <span class='ocrx_word' id='word_1_165' title='bbox 1164 1375 1284 1407; x_wconf 77' lang='lat' dir='ltr'><strong>festum</strong></span> <span class='ocrx_word' id='word_1_166' title='bbox 1308 1374 1419 1407; x_wconf 83' lang='lat' dir='ltr'><strong>Sancti</strong></span> <span class='ocrx_word' id='word_1_167' title='bbox 1441 1373 1637 1406; x_wconf 67' lang='lat' dir='ltr'><strong>Mmfflssms</strong></span> 
     </span>
     <span class='ocr_line' id='line_1_17' title="bbox 159 1442 1639 1489; baseline -0.003 -10"><span class='ocrx_word' id='word_1_168' title='bbox 159 1447 329 1480; x_wconf 81' lang='lat' dir='ltr'><strong>annuatim</strong></span> <span class='ocrx_word' id='word_1_169' title='bbox 364 1446 555 1489; x_wconf 87' lang='lat' dir='ltr'><strong>persolvent.</strong></span> <span class='ocrx_word' id='word_1_170' title='bbox 603 1445 733 1478; x_wconf 84' lang='lat' dir='ltr'><strong>Dictam</strong></span> <span class='ocrx_word' id='word_1_171' title='bbox 767 1457 840 1477; x_wconf 87' lang='lat' dir='ltr'><strong>vero</strong></span> <span class='ocrx_word' id='word_1_172' title='bbox 878 1448 996 1477; x_wconf 87' lang='lat' dir='ltr'><strong>terram</strong></span> <span class='ocrx_word' id='word_1_173' title='bbox 1020 1445 1107 1477; x_wconf 84' lang='lat' dir='ltr'><strong>dicto</strong></span> <span class='ocrx_word' id='word_1_174' title='bbox 1134 1444 1295 1476; x_wconf 58' lang='lat' dir='ltr'><strong>Romano</strong></span> <span class='ocrx_word' id='word_1_175' title='bbox 1320 1443 1451 1476; x_wconf 78' lang='lat' dir='ltr'><strong>vendidi</strong></span> <span class='ocrx_word' id='word_1_176' title='bbox 1474 1442 1528 1475; x_wconf 83' lang='lat' dir='ltr'><strong>Ita</strong></span> <span class='ocrx_word' id='word_1_177' title='bbox 1552 1443 1639 1486; x_wconf 88' lang='lat' dir='ltr'><strong>quod</strong></span> 
     </span>
     <span class='ocr_line' id='line_1_18' title="bbox 158 1511 1636 1558; baseline -0.004 -9"><span class='ocrx_word' id='word_1_178' title='bbox 158 1517 293 1550; x_wconf 85' lang='lat' dir='ltr'><strong>eandem</strong></span> <span class='ocrx_word' id='word_1_179' title='bbox 306 1527 378 1548; x_wconf 81' lang='lat' dir='ltr'><strong>cum</strong></span> <span class='ocrx_word' id='word_1_180' title='bbox 391 1515 539 1548; x_wconf 82' lang='lat' dir='ltr'><strong>omnibus</strong></span> <span class='ocrx_word' id='word_1_181' title='bbox 552 1515 756 1558; x_wconf 82' lang='lat' dir='ltr'><strong>pertinentiis</strong></span> <span class='ocrx_word' id='word_1_182' title='bbox 770 1540 777 1546; x_wconf 91' lang='lat'><strong>.</strong></span> <span class='ocrx_word' id='word_1_183' title='bbox 790 1514 996 1547; x_wconf 84' lang='lat' dir='ltr'><strong>libertatibus</strong></span> <span class='ocrx_word' id='word_1_184' title='bbox 1009 1540 1014 1546; x_wconf 92' lang='lat'><strong><em>.</em></strong></span> <span class='ocrx_word' id='word_1_185' title='bbox 1029 1513 1148 1556; x_wconf 83' lang='lat' dir='ltr'><strong>poterit</strong></span> <span class='ocrx_word' id='word_1_186' title='bbox 1161 1514 1237 1545; x_wconf 82' lang='lat' dir='ltr'><strong>dare</strong></span> <span class='ocrx_word' id='word_1_187' title='bbox 1251 1538 1258 1544; x_wconf 90' lang='lat'><strong>.</strong></span> <span class='ocrx_word' id='word_1_188' title='bbox 1272 1513 1409 1545; x_wconf 88' lang='lat' dir='ltr'><strong>vendere</strong></span> <span class='ocrx_word' id='word_1_189' title='bbox 1421 1538 1426 1544; x_wconf 95' lang='lat'>.</span> <span class='ocrx_word' id='word_1_190' title='bbox 1439 1511 1618 1544; x_wconf 81' lang='lat' dir='ltr'><strong>excambire</strong></span> <span class='ocrx_word' id='word_1_191' title='bbox 1630 1537 1636 1543; x_wconf 95' lang='lat'>.</span> 
     </span>
     <span class='ocr_line' id='line_1_19' title="bbox 159 1581 1637 1625; baseline -0.003 -8"><span class='ocrx_word' id='word_1_192' title='bbox 159 1586 210 1619; x_wconf 88' lang='lat' dir='ltr'><strong>vel</strong></span> <span class='ocrx_word' id='word_1_193' title='bbox 234 1585 398 1617; x_wconf 85' lang='lat' dir='ltr'><strong>invadiare</strong></span> <span class='ocrx_word' id='word_1_194' title='bbox 414 1584 465 1616; x_wconf 87' lang='lat' dir='ltr'><strong>vel</strong></span> <span class='ocrx_word' id='word_1_195' title='bbox 487 1585 522 1616; x_wconf 91' lang='lat' dir='ltr'><strong>in</strong></span> <span class='ocrx_word' id='word_1_196' title='bbox 538 1586 731 1616; x_wconf 83' lang='lat' dir='ltr'><strong>testamento</strong></span> <span class='ocrx_word' id='word_1_197' title='bbox 754 1583 934 1625; x_wconf 88' lang='lat' dir='ltr'><strong>relinquere</strong></span> <span class='ocrx_word' id='word_1_198' title='bbox 958 1583 1009 1615; x_wconf 88' lang='lat' dir='ltr'><strong>cui</strong></span> <span class='ocrx_word' id='word_1_199' title='bbox 1032 1582 1083 1614; x_wconf 87' lang='lat' dir='ltr'><strong>vel</strong></span> <span class='ocrx_word' id='word_1_200' title='bbox 1106 1581 1223 1625; x_wconf 86' lang='lat' dir='ltr'><strong>quibus</strong></span> <span class='ocrx_word' id='word_1_201' title='bbox 1245 1581 1383 1614; x_wconf 83' lang='lat' dir='ltr'><strong>voluerit</strong></span> <span class='ocrx_word' id='word_1_202' title='bbox 1407 1581 1579 1613; x_wconf 82' lang='lat' dir='ltr'><strong>successive</strong></span> <span class='ocrx_word' id='word_1_203' title='bbox 1601 1581 1637 1613; x_wconf 86' lang='lat' dir='ltr'><strong>in</strong></span> 
     </span>
     <span class='ocr_line' id='line_1_20' title="bbox 156 1650 1636 1698; baseline -0.003 -12"><span class='ocrx_word' id='word_1_204' title='bbox 156 1656 349 1698; x_wconf 86' lang='lat' dir='ltr'><strong>perpetuum</strong></span> <span class='ocrx_word' id='word_1_205' title='bbox 360 1653 473 1685; x_wconf 85' lang='lat' dir='ltr'><strong>saluuo</strong></span> <span class='ocrx_word' id='word_1_206' title='bbox 484 1653 614 1685; x_wconf 86' lang='lat' dir='ltr'><strong>redditu</strong></span> <span class='ocrx_word' id='word_1_207' title='bbox 626 1653 861 1695; x_wconf 85' lang='lat' dir='ltr'><strong>prenominato.</strong></span> <span class='ocrx_word' id='word_1_208' title='bbox 902 1652 947 1683; x_wconf 79' lang='lat' dir='ltr'><strong>Et</strong></span> <span class='ocrx_word' id='word_1_209' title='bbox 962 1656 997 1683; x_wconf 86' lang='lat' dir='ltr'><strong>ut</strong></span> <span class='ocrx_word' id='word_1_210' title='bbox 1008 1651 1066 1683; x_wconf 86' lang='lat' dir='ltr'><strong>hec</strong></span> <span class='ocrx_word' id='word_1_211' title='bbox 1078 1662 1149 1683; x_wconf 81' lang='lat' dir='ltr'><strong>mea</strong></span> <span class='ocrx_word' id='word_1_212' title='bbox 1162 1651 1307 1683; x_wconf 83' lang='lat' dir='ltr'><strong>vendicio</strong></span> <span class='ocrx_word' id='word_1_213' title='bbox 1320 1653 1390 1682; x_wconf 85' lang='lat' dir='ltr'><strong>rata</strong></span> <span class='ocrx_word' id='word_1_214' title='bbox 1402 1652 1435 1682; x_wconf 88' lang='lat' dir='ltr'><strong>et</strong></span> <span class='ocrx_word' id='word_1_215' title='bbox 1448 1650 1636 1682; x_wconf 78' lang='lat' dir='ltr'><strong>inconcussa</strong></span> 
     </span>
     <span class='ocr_line' id='line_1_21' title="bbox 157 1718 1635 1766; baseline -0.004 -10"><span class='ocrx_word' id='word_1_216' title='bbox 157 1725 192 1757; x_wconf 80' lang='lat' dir='ltr'><strong>in</strong></span> <span class='ocrx_word' id='word_1_217' title='bbox 216 1724 408 1766; x_wconf 86' lang='lat' dir='ltr'><strong>perpetuum</strong></span> <span class='ocrx_word' id='word_1_218' title='bbox 431 1724 611 1764; x_wconf 86' lang='lat' dir='ltr'><strong>perseveret</strong></span> <span class='ocrx_word' id='word_1_219' title='bbox 632 1721 774 1764; x_wconf 86' lang='lat' dir='ltr'><strong>presenti</strong></span> <span class='ocrx_word' id='word_1_220' title='bbox 797 1723 883 1753; x_wconf 86' lang='lat' dir='ltr'><strong>carte</strong></span> <span class='ocrx_word' id='word_1_221' title='bbox 906 1720 1051 1763; x_wconf 84' lang='lat' dir='ltr'><strong>sigillum</strong></span> <span class='ocrx_word' id='word_1_222' title='bbox 1065 1731 1174 1751; x_wconf 88' lang='lat' dir='ltr'><strong>meum</strong></span> <span class='ocrx_word' id='word_1_223' title='bbox 1196 1719 1339 1762; x_wconf 85' lang='lat' dir='ltr'><strong>apposui.</strong></span> <span class='ocrx_word' id='word_1_224' title='bbox 1386 1718 1464 1751; x_wconf 80' lang='lat' dir='ltr'><strong>Hiis</strong></span> <span class='ocrx_word' id='word_1_225' title='bbox 1478 1718 1614 1751; x_wconf 89' lang='lat' dir='ltr'><strong>testibus</strong></span> <span class='ocrx_word' id='word_1_226' title='bbox 1628 1743 1635 1750; x_wconf 93' lang='lat'><em>.</em></span> 
     </span>
     <span class='ocr_line' id='line_1_22' title="bbox 158 1787 1636 1833; baseline -0.003 -9"><span class='ocrx_word' id='word_1_227' title='bbox 158 1791 302 1826; x_wconf 84' lang='lat' dir='ltr'><strong>Domino</strong></span> <span class='ocrx_word' id='word_1_228' title='bbox 318 1790 514 1824; x_wconf 68' lang='lat' dir='ltr'><strong>Wmnmo</strong></span> <span class='ocrx_word' id='word_1_229' title='bbox 538 1790 696 1823; x_wconf 76' lang='lat' dir='ltr'>GABRIEL</span> <span class='ocrx_word' id='word_1_230' title='bbox 719 1792 797 1822; x_wconf 88' lang='lat' dir='ltr'><strong>tunc</strong></span> <span class='ocrx_word' id='word_1_231' title='bbox 819 1790 923 1833; x_wconf 86' lang='lat' dir='ltr'><strong>priore</strong></span> <span class='ocrx_word' id='word_1_232' title='bbox 945 1790 984 1821; x_wconf 90' lang='lat' dir='ltr'><strong>de</strong></span> <span class='ocrx_word' id='word_1_233' title='bbox 1007 1788 1253 1821; x_wconf 82' lang='lat' dir='ltr'><strong>LANDGENUTH</strong></span> <span class='ocrx_word' id='word_1_234' title='bbox 1278 1814 1284 1820; x_wconf 91' lang='lat'>.</span> <span class='ocrx_word' id='word_1_235' title='bbox 1309 1787 1451 1820; x_wconf 92' lang='lat' dir='ltr'><strong>Domino</strong></span> <span class='ocrx_word' id='word_1_236' title='bbox 1474 1787 1636 1819; x_wconf 71' lang='lat' dir='ltr'><strong>HENRico</strong></span> 
     </span>
     <span class='ocr_line' id='line_1_23' title="bbox 157 1856 1632 1894; baseline -0.003 -1"><span class='ocrx_word' id='word_1_237' title='bbox 157 1863 197 1894; x_wconf 87' lang='lat' dir='ltr'><strong>de</strong></span> <span class='ocrx_word' id='word_1_238' title='bbox 212 1860 344 1894; x_wconf 70' lang='lat' dir='ltr'><strong>ans</strong></span> <span class='ocrx_word' id='word_1_239' title='bbox 360 1885 366 1891; x_wconf 95' lang='lat'>.</span> <span class='ocrx_word' id='word_1_240' title='bbox 384 1859 549 1892; x_wconf 81' lang='lat' dir='ltr'><strong>JOHANNE</strong></span> <span class='ocrx_word' id='word_1_241' title='bbox 573 1860 612 1892; x_wconf 87' lang='lat' dir='ltr'><strong>de</strong></span> <span class='ocrx_word' id='word_1_242' title='bbox 636 1859 817 1891; x_wconf 74' lang='lat' dir='ltr'><strong>BUKEHAM</strong></span> <span class='ocrx_word' id='word_1_243' title='bbox 837 1861 914 1891; x_wconf 87' lang='lat' dir='ltr'><strong>tunc</strong></span> <span class='ocrx_word' id='word_1_244' title='bbox 938 1858 1108 1890; x_wconf 84' lang='lat' dir='ltr'><strong>senescallo</strong></span> <span class='ocrx_word' id='word_1_245' title='bbox 1133 1857 1261 1890; x_wconf 80' lang='lat' dir='ltr'>GUHER</span> <span class='ocrx_word' id='word_1_246' title='bbox 1278 1883 1284 1889; x_wconf 92' lang='lat'>.</span> <span class='ocrx_word' id='word_1_247' title='bbox 1302 1857 1456 1889; x_wconf 79' lang='lat' dir='ltr'>HUGONE</span> <span class='ocrx_word' id='word_1_248' title='bbox 1472 1856 1608 1888; x_wconf 73' lang='lat' dir='ltr'><strong>Pomm}</strong></span> <span class='ocrx_word' id='word_1_249' title='bbox 1626 1881 1632 1888; x_wconf 96' lang='lat'>.</span> 
     </span>
    </p>
   </div>
   <div class='ocr_carea' id='block_1_6' title="bbox 157 1927 982 1987">
    <p class='ocr_par' dir='ltr' id='par_1_6' title="bbox 157 1927 982 1987">
     <span class='ocr_line' id='line_1_24' title="bbox 157 1927 982 1987; baseline -0.004 -25"><span class='ocrx_word' id='word_1_250' title='bbox 157 1930 321 1987; x_wconf 49' lang='lat' dir='ltr'><strong>gnnmco</strong></span> <span class='ocrx_word' id='word_1_251' title='bbox 336 1928 483 1960; x_wconf 60' lang='lat' dir='ltr'><strong>Mmsm„</strong></span> <span class='ocrx_word' id='word_1_252' title='bbox 500 1954 506 1959; x_wconf 95' lang='lat'>.</span> <span class='ocrx_word' id='word_1_253' title='bbox 525 1927 681 1960; x_wconf 67' lang='lat' dir='ltr'>RmAnno</span> <span class='ocrx_word' id='word_1_254' title='bbox 697 1927 811 1960; x_wconf 56' lang='lat' dir='ltr'><strong>Bima</strong></span> <span class='ocrx_word' id='word_1_255' title='bbox 829 1953 836 1960; x_wconf 90' lang='lat'>.</span> <span class='ocrx_word' id='word_1_256' title='bbox 854 1932 886 1960; x_wconf 84' lang='lat' dir='ltr'><strong>et</strong></span> <span class='ocrx_word' id='word_1_257' title='bbox 902 1928 982 1960; x_wconf 83' lang='lat' dir='ltr'><strong>aljis.</strong></span> 
     </span>
    </p>
   </div>
   <div class='ocr_carea' id='block_1_7' title="bbox 164 1993 1626 2110">
    <p class='ocr_par' dir='ltr' id='par_1_7' title="bbox 164 1993 1626 2110">
     <span class='ocr_line' id='line_1_25' title="bbox 202 1993 1626 2026; baseline -0.003 -6"><span class='ocrx_word' id='word_1_258' title='bbox 202 1996 363 2026; x_wconf 78' lang='lat' dir='ltr'><strong>Llangenydd</strong></span> <span class='ocrx_word' id='word_1_259' title='bbox 374 2003 423 2018; x_wconf 85' lang='lat' dir='ltr'><strong>was</strong></span> <span class='ocrx_word' id='word_1_260' title='bbox 440 1995 482 2018; x_wconf 85' lang='lat' dir='ltr'><strong>the</strong></span> <span class='ocrx_word' id='word_1_261' title='bbox 498 1998 550 2018; x_wconf 80' lang='lat' dir='ltr'><strong>seat</strong></span> <span class='ocrx_word' id='word_1_262' title='bbox 562 1997 588 2018; x_wconf 76' lang='lat' dir='ltr'><strong>of</strong></span> <span class='ocrx_word' id='word_1_263' title='bbox 604 2003 635 2017; x_wconf 80' lang='lat' dir='ltr'><strong>an</strong></span> <span class='ocrx_word' id='word_1_264' title='bbox 652 1996 725 2019; x_wconf 84' lang='lat' dir='ltr'><strong>Alien</strong></span> <span class='ocrx_word' id='word_1_265' title='bbox 742 1996 836 2025; x_wconf 72' lang='lat' dir='ltr'><strong>Priory,</strong></span> <span class='ocrx_word' id='word_1_266' title='bbox 849 1996 956 2018; x_wconf 79' lang='lat' dir='ltr'><strong>founded</strong></span> <span class='ocrx_word' id='word_1_267' title='bbox 974 1995 1094 2024; x_wconf 69' lang='lat' dir='ltr'><strong>probably</strong></span> <span class='ocrx_word' id='word_1_268' title='bbox 1106 1995 1131 2016; x_wconf 90' lang='lat' dir='ltr'><strong>in</strong></span> <span class='ocrx_word' id='word_1_269' title='bbox 1148 1994 1189 2016; x_wconf 85' lang='lat' dir='ltr'><strong>the</strong></span> <span class='ocrx_word' id='word_1_270' title='bbox 1205 1994 1273 2023; x_wconf 78' lang='lat' dir='ltr'><strong>reign</strong></span> <span class='ocrx_word' id='word_1_271' title='bbox 1285 1994 1310 2016; x_wconf 76' lang='lat' dir='ltr'><strong>of</strong></span> <span class='ocrx_word' id='word_1_272' title='bbox 1327 1994 1444 2023; x_wconf 71' lang='lat' dir='ltr'><strong>Stepheu,</strong></span> <span class='ocrx_word' id='word_1_273' title='bbox 1455 1994 1487 2023; x_wconf 75' lang='lat' dir='ltr'><strong>by</strong></span> <span class='ocrx_word' id='word_1_274' title='bbox 1499 1994 1580 2022; x_wconf 69' lang='lat' dir='ltr'><strong>Roget</strong></span> <span class='ocrx_word' id='word_1_275' title='bbox 1596 1993 1626 2016; x_wconf 80' lang='lat' dir='ltr'><strong>de</strong></span> 
     </span>
     <span class='ocr_line' id='line_1_26' title="bbox 166 2035 1626 2067; baseline -0.004 -4"><span class='ocrx_word' id='word_1_276' title='bbox 166 2040 313 2067; x_wconf 83' lang='lat' dir='ltr'><strong>Bellomont,</strong></span> <span class='ocrx_word' id='word_1_277' title='bbox 324 2039 367 2061; x_wconf 83' lang='lat' dir='ltr'><strong>the</strong></span> <span class='ocrx_word' id='word_1_278' title='bbox 383 2038 492 2061; x_wconf 83' lang='lat' dir='ltr'><strong>Norman</strong></span> <span class='ocrx_word' id='word_1_279' title='bbox 503 2038 644 2067; x_wconf 82' lang='lat' dir='ltr'><strong>Conqueror</strong></span> <span class='ocrx_word' id='word_1_280' title='bbox 659 2038 686 2061; x_wconf 78' lang='lat' dir='ltr'><strong>of</strong></span> <span class='ocrx_word' id='word_1_281' title='bbox 701 2038 798 2066; x_wconf 81' lang='lat' dir='ltr'><strong>Gower,</strong></span> <span class='ocrx_word' id='word_1_282' title='bbox 809 2039 857 2061; x_wconf 85' lang='lat' dir='ltr'><strong>and</strong></span> <span class='ocrx_word' id='word_1_283' title='bbox 870 2039 902 2067; x_wconf 89' lang='lat' dir='ltr'><strong>by</strong></span> <span class='ocrx_word' id='word_1_284' title='bbox 913 2038 963 2060; x_wconf 88' lang='lat' dir='ltr'><strong>him</strong></span> <span class='ocrx_word' id='word_1_285' title='bbox 979 2037 1095 2060; x_wconf 75' lang='lat' dir='ltr'><strong>attached</strong></span> <span class='ocrx_word' id='word_1_286' title='bbox 1111 2040 1138 2059; x_wconf 86' lang='lat' dir='ltr'><strong>to</strong></span> <span class='ocrx_word' id='word_1_287' title='bbox 1153 2036 1195 2059; x_wconf 84' lang='lat' dir='ltr'><strong>the</strong></span> <span class='ocrx_word' id='word_1_288' title='bbox 1211 2036 1355 2066; x_wconf 79' lang='lat' dir='ltr'><strong>Monastery</strong></span> <span class='ocrx_word' id='word_1_289' title='bbox 1366 2036 1392 2058; x_wconf 74' lang='lat' dir='ltr'><strong>of</strong></span> <span class='ocrx_word' id='word_1_290' title='bbox 1409 2036 1443 2058; x_wconf 78' lang='lat' dir='ltr'><strong>St.</strong></span> <span class='ocrx_word' id='word_1_291' title='bbox 1458 2035 1589 2061; x_wconf 71' lang='lat' dir='ltr'><strong>Taurinus.</strong></span> <span class='ocrx_word' id='word_1_292' title='bbox 1599 2038 1626 2058; x_wconf 82' lang='lat' dir='ltr'><strong>at</strong></span> 
     </span>
     <span class='ocr_line' id='line_1_27' title="bbox 164 2080 1087 2110; baseline -0.003 -5"><span class='ocrx_word' id='word_1_293' title='bbox 164 2083 271 2110; x_wconf 63' lang='lat' dir='ltr'><strong>Evreux7</strong></span> <span class='ocrx_word' id='word_1_294' title='bbox 282 2082 308 2103; x_wconf 87' lang='lat' dir='ltr'><strong>in</strong></span> <span class='ocrx_word' id='word_1_295' title='bbox 319 2081 469 2110; x_wconf 70' lang='lat' dir='ltr'><strong>Normandy‚</strong></span> <span class='ocrx_word' id='word_1_296' title='bbox 479 2081 528 2102; x_wconf 88' lang='lat' dir='ltr'><strong>and</strong></span> <span class='ocrx_word' id='word_1_297' title='bbox 539 2081 667 2103; x_wconf 83' lang='lat' dir='ltr'><strong>dedicated</strong></span> <span class='ocrx_word' id='word_1_298' title='bbox 678 2084 705 2103; x_wconf 83' lang='lat' dir='ltr'><strong>to</strong></span> <span class='ocrx_word' id='word_1_299' title='bbox 716 2081 751 2103; x_wconf 78' lang='lat' dir='ltr'><strong>St.</strong></span> <span class='ocrx_word' id='word_1_300' title='bbox 764 2081 877 2110; x_wconf 78' lang='lat' dir='ltr'><strong>Kenydd,</strong></span> <span class='ocrx_word' id='word_1_301' title='bbox 888 2088 902 2102; x_wconf 78' lang='lat' dir='ltr'><strong>a</strong></span> <span class='ocrx_word' id='word_1_302' title='bbox 915 2080 999 2103; x_wconf 75' lang='lat' dir='ltr'><strong>Welsh</strong></span> <span class='ocrx_word' id='word_1_303' title='bbox 1010 2080 1087 2102; x_wconf 84' lang='lat' dir='ltr'><strong>Saint.</strong></span> 
     </span>
    </p>
   </div>
   <div class='ocr_carea' id='block_1_8' title="bbox 164 2133 1625 2292">
    <p class='ocr_par' dir='ltr' id='par_1_8' title="bbox 164 2133 1625 2292">
     <span class='ocr_line' id='line_1_28' title="bbox 201 2133 1625 2164; baseline -0.003 -5"><span class='ocrx_word' id='word_1_304' title='bbox 201 2137 280 2159; x_wconf 78' lang='lat' dir='ltr'><strong>These</strong></span> <span class='ocrx_word' id='word_1_305' title='bbox 292 2135 396 2158; x_wconf 85' lang='lat' dir='ltr'><strong>Priories</strong></span> <span class='ocrx_word' id='word_1_306' title='bbox 408 2141 471 2157; x_wconf 78' lang='lat' dir='ltr'><strong>were</strong></span> <span class='ocrx_word' id='word_1_307' title='bbox 482 2136 508 2157; x_wconf 76' lang='lat' dir='ltr'><strong>of</strong></span> <span class='ocrx_word' id='word_1_308' title='bbox 524 2138 574 2157; x_wconf 80' lang='lat' dir='ltr'><strong>two</strong></span> <span class='ocrx_word' id='word_1_309' title='bbox 585 2135 673 2158; x_wconf 85' lang='lat' dir='ltr'><strong>kinds:</strong></span> <span class='ocrx_word' id='word_1_310' title='bbox 690 2142 736 2158; x_wconf 78' lang='lat' dir='ltr'><strong>one</strong></span> <span class='ocrx_word' id='word_1_311' title='bbox 747 2135 882 2164; x_wconf 80' lang='lat' dir='ltr'><strong>managing</strong></span> <span class='ocrx_word' id='word_1_312' title='bbox 897 2135 961 2157; x_wconf 78' lang='lat' dir='ltr'><strong>their</strong></span> <span class='ocrx_word' id='word_1_313' title='bbox 977 2142 1032 2157; x_wconf 84' lang='lat' dir='ltr'><strong>own</strong></span> <span class='ocrx_word' id='word_1_314' title='bbox 1048 2134 1134 2157; x_wconf 81' lang='lat' dir='ltr'><strong>affairs</strong></span> <span class='ocrx_word' id='word_1_315' title='bbox 1149 2134 1198 2156; x_wconf 84' lang='lat' dir='ltr'><strong>and</strong></span> <span class='ocrx_word' id='word_1_316' title='bbox 1213 2134 1320 2162; x_wconf 77' lang='lat' dir='ltr'><strong>electing</strong></span> <span class='ocrx_word' id='word_1_317' title='bbox 1336 2133 1401 2156; x_wconf 78' lang='lat' dir='ltr'><strong>their</strong></span> <span class='ocrx_word' id='word_1_318' title='bbox 1417 2140 1471 2156; x_wconf 86' lang='lat' dir='ltr'><strong>own</strong></span> <span class='ocrx_word' id='word_1_319' title='bbox 1487 2133 1566 2160; x_wconf 79' lang='lat' dir='ltr'><strong>head;</strong></span> <span class='ocrx_word' id='word_1_320' title='bbox 1583 2133 1625 2156; x_wconf 86' lang='lat' dir='ltr'><strong>the</strong></span> 
     </span>
     <span class='ocr_line' id='line_1_29' title="bbox 165 2174 1624 2206; baseline -0.004 -4"><span class='ocrx_word' id='word_1_321' title='bbox 165 2179 235 2202; x_wconf 86' lang='lat' dir='ltr'><strong>other</strong></span> <span class='ocrx_word' id='word_1_322' title='bbox 245 2185 259 2200; x_wconf 86' lang='lat' dir='ltr'><strong>a</strong></span> <span class='ocrx_word' id='word_1_323' title='bbox 271 2184 336 2200; x_wconf 80' lang='lat' dir='ltr'><strong>mere</strong></span> <span class='ocrx_word' id='word_1_324' title='bbox 346 2177 399 2206; x_wconf 79' lang='lat' dir='ltr'><strong>cell,</strong></span> <span class='ocrx_word' id='word_1_325' title='bbox 410 2176 453 2199; x_wconf 88' lang='lat' dir='ltr'><strong>the</strong></span> <span class='ocrx_word' id='word_1_326' title='bbox 469 2176 539 2199; x_wconf 82' lang='lat' dir='ltr'><strong>Prior</strong></span> <span class='ocrx_word' id='word_1_327' title='bbox 550 2177 576 2200; x_wconf 76' lang='lat' dir='ltr'><strong>of</strong></span> <span class='ocrx_word' id='word_1_328' title='bbox 592 2176 672 2200; x_wconf 87' lang='lat' dir='ltr'><strong>which</strong></span> <span class='ocrx_word' id='word_1_329' title='bbox 684 2184 734 2199; x_wconf 83' lang='lat' dir='ltr'><strong>was</strong></span> <span class='ocrx_word' id='word_1_330' title='bbox 750 2177 891 2200; x_wconf 82' lang='lat' dir='ltr'><strong>nominated</strong></span> <span class='ocrx_word' id='word_1_331' title='bbox 907 2177 939 2206; x_wconf 83' lang='lat' dir='ltr'><strong>by</strong></span> <span class='ocrx_word' id='word_1_332' title='bbox 951 2177 993 2199; x_wconf 81' lang='lat' dir='ltr'><strong>the</strong></span> <span class='ocrx_word' id='word_1_333' title='bbox 1009 2176 1125 2205; x_wconf 82' lang='lat' dir='ltr'><strong>Superior</strong></span> <span class='ocrx_word' id='word_1_334' title='bbox 1140 2176 1232 2198; x_wconf 84' lang='lat' dir='ltr'><strong>House.</strong></span> <span class='ocrx_word' id='word_1_335' title='bbox 1263 2175 1425 2204; x_wconf 80' lang='lat' dir='ltr'><strong>Llangenydd</strong></span> <span class='ocrx_word' id='word_1_336' title='bbox 1441 2174 1562 2204; x_wconf 80' lang='lat' dir='ltr'><strong>probably</strong></span> <span class='ocrx_word' id='word_1_337' title='bbox 1574 2181 1624 2197; x_wconf 85' lang='lat' dir='ltr'><strong>was</strong></span> 
     </span>
     <span class='ocr_line' id='line_1_30' title="bbox 164 2217 1624 2247; baseline -0.002 -5"><span class='ocrx_word' id='word_1_338' title='bbox 164 2222 189 2244; x_wconf 74' lang='lat' dir='ltr'><strong>of</strong></span> <span class='ocrx_word' id='word_1_339' title='bbox 206 2221 248 2243; x_wconf 80' lang='lat' dir='ltr'><strong>the</strong></span> <span class='ocrx_word' id='word_1_340' title='bbox 271 2220 345 2242; x_wconf 81' lang='lat' dir='ltr'><strong>latter</strong></span> <span class='ocrx_word' id='word_1_341' title='bbox 365 2219 522 2247; x_wconf 79' lang='lat' dir='ltr'><strong>description,</strong></span> <span class='ocrx_word' id='word_1_342' title='bbox 543 2219 610 2242; x_wconf 78' lang='lat' dir='ltr'><strong>since</strong></span> <span class='ocrx_word' id='word_1_343' title='bbox 630 2226 676 2242; x_wconf 83' lang='lat' dir='ltr'><strong>one</strong></span> <span class='ocrx_word' id='word_1_344' title='bbox 697 2219 723 2242; x_wconf 76' lang='lat' dir='ltr'><strong>of</strong></span> <span class='ocrx_word' id='word_1_345' title='bbox 739 2220 781 2242; x_wconf 85' lang='lat' dir='ltr'><strong>the</strong></span> <span class='ocrx_word' id='word_1_346' title='bbox 802 2219 941 2242; x_wconf 84' lang='lat' dir='ltr'><strong>conditions</strong></span> <span class='ocrx_word' id='word_1_347' title='bbox 963 2226 995 2241; x_wconf 87' lang='lat' dir='ltr'><strong>on</strong></span> <span class='ocrx_word' id='word_1_348' title='bbox 1015 2218 1096 2241; x_wconf 82' lang='lat' dir='ltr'><strong>which</strong></span> <span class='ocrx_word' id='word_1_349' title='bbox 1116 2218 1136 2241; x_wconf 84' lang='lat' dir='ltr'><strong>it</strong></span> <span class='ocrx_word' id='word_1_350' title='bbox 1159 2225 1209 2240; x_wconf 84' lang='lat' dir='ltr'><strong>was</strong></span> <span class='ocrx_word' id='word_1_351' title='bbox 1230 2217 1339 2240; x_wconf 83' lang='lat' dir='ltr'><strong>restored</strong></span> <span class='ocrx_word' id='word_1_352' title='bbox 1357 2220 1384 2240; x_wconf 77' lang='lat' dir='ltr'><strong>to</strong></span> <span class='ocrx_word' id='word_1_353' title='bbox 1400 2218 1435 2239; x_wconf 74' lang='lat' dir='ltr'><strong>St.</strong></span> <span class='ocrx_word' id='word_1_354' title='bbox 1452 2217 1574 2239; x_wconf 85' lang='lat' dir='ltr'><strong>Taurinus</strong></span> <span class='ocrx_word' id='word_1_355' title='bbox 1591 2217 1624 2246; x_wconf 88' lang='lat' dir='ltr'><strong>by</strong></span> 
     </span>
     <span class='ocr_line' id='line_1_31' title="bbox 165 2261 905 2292; baseline -0.003 -6"><span class='ocrx_word' id='word_1_356' title='bbox 165 2263 250 2292; x_wconf 82' lang='lat' dir='ltr'><strong>Henry</strong></span> <span class='ocrx_word' id='word_1_357' title='bbox 262 2261 307 2285; x_wconf 86' lang='lat' dir='ltr'><strong>IV.</strong></span> <span class='ocrx_word' id='word_1_358' title='bbox 319 2268 377 2290; x_wconf 83' lang='lat' dir='ltr'><strong>was⁷</strong></span> <span class='ocrx_word' id='word_1_359' title='bbox 389 2261 444 2283; x_wconf 84' lang='lat' dir='ltr'><strong>that</strong></span> <span class='ocrx_word' id='word_1_360' title='bbox 455 2261 562 2284; x_wconf 79' lang='lat' dir='ltr'><strong>suitable</strong></span> <span class='ocrx_word' id='word_1_361' title='bbox 574 2261 656 2284; x_wconf 86' lang='lat' dir='ltr'><strong>Priors</strong></span> <span class='ocrx_word' id='word_1_362' title='bbox 667 2261 756 2284; x_wconf 88' lang='lat' dir='ltr'><strong>should</strong></span> <span class='ocrx_word' id='word_1_363' title='bbox 768 2262 797 2284; x_wconf 83' lang='lat' dir='ltr'><strong>be</strong></span> <span class='ocrx_word' id='word_1_364' title='bbox 808 2262 905 2284; x_wconf 84' lang='lat' dir='ltr'><strong>chosen.</strong></span> 
     </span>
    </p>
   </div>
  </div>
 </body>
</html>
