1998 2724
1535 152 1598 182 :313

167 313 314 346 dedimus
330 313 375 345 eis
391 315 571 355 respectum
587 312 626 344 de
643 311 768 343 duobus
783 310 956 354 palefredis
975 322 1054 352 quos
1074 309 1166 342 nobis
1187 310 1262 341 inde
1285 309 1404 342 debent
1427 321 1527 350 usque
1550 321 1569 341 a
1592 309 1644 340 die

165 382 276 414 Sancti
291 381 488 414 Mammas
503 380 537 412 in
554 392 608 412 xv.
623 380 700 412 dies.
748 379 794 412 Et
809 380 881 412 ideo
897 379 987 411 vobis
1007 379 1199 411 mandamus
1221 379 1308 421 quod
1329 379 1402 410 illos
1418 378 1457 410 de
1479 388 1507 409 L.
1530 378 1645 410 marcis

164 451 290 494 quietos
312 461 378 483 esse
401 450 538 489 faciatis,
560 452 593 482 et
615 449 655 482 de
679 449 805 481 duobus
832 448 1006 492 palefredis
1032 449 1213 491 predictum
1243 451 1421 490 respectum
1453 448 1498 479 eis
1528 446 1645 479 habere

163 520 367 562 permittatis,
415 519 511 552 Teste
525 531 577 551 nie
592 519 661 561 ipso
677 519 764 561 apud
780 518 1056 556 Bnmnxnsroxx’,
1081 528 1174 550 xxw.
1192 517 1244 549 die
1260 516 1466 559 Septembris.

823 917 983 950 CCCXV.

163 1001 274 1034 SUIT
312 1001 371 1033 OF
402 1000 501 1033 THE
532 999 690 1032 ABBOT
718 999 777 1032 OF
809 999 1020 1032 MARGAM
1051 999 1109 1032 TO
1141 999 1240 1031 THE
1272 998 1396 1031 KING
1423 998 1515 1031 FOR
1546 997 1646 1031 THE

495 1068 811 1101 WELSHMEN’S
846 1068 1003 1101 LANDS
1034 1068 1088 1100 IN
1120 1067 1314 1100 KENFIG.

663 1150 808 1193 [Rom.
836 1162 879 1182 mv,
904 1151 993 1189 Fax,
1018 1150 1045 1182 I.
1072 1150 1164 1193 386]
1506 1151 1598 1182 1207.

206 1233 460 1266 GLANMORGAN.
507 1232 619 1265 Abbas
635 1233 674 1264 de
691 1232 847 1264 MARGAN
864 1233 920 1264 dat
937 1235 1065 1264 eentum
1091 1243 1213 1264 marcas
1238 1234 1268 1264 ot
1297 1243 1333 1264 11.
1348 1243 1445 1274 equos
1468 1231 1568 1264 bonos
1589 1243 1646 1274 pro

162 1302 318 1335 habendis
332 1302 426 1334 terris
441 1301 664 1334 WALENSIUM
680 1302 714 1333 in
731 1301 892 1334 territorio
909 1302 948 1334 de
964 1301 1157 1334 KAENEFEG
1176 1301 1209 1333 in
1226 1304 1415 1343 perpetuam
1427 1302 1645 1340 elemosinam,

161 1372 247 1404 unde
263 1372 323 1414 ipsi
355 1371 500 1403 solebant
529 1371 662 1403 reddere
693 1371 824 1403 domino
851 1370 937 1414 Regi
963 1383 1020 1413 per
1050 1382 1173 1402 annum
1204 1382 1283 1402 xxx.
1302 1370 1418 1402 solidos
1448 1382 1505 1412 per
1529 1382 1645 1403 manus

163 1439 355 1473 ballivortmi
365 1440 489 1472 domini
499 1440 601 1482 Regis
613 1441 654 1472 de
668 1439 922 1478 GLANMORGAN,
940 1444 971 1471 et
988 1452 1045 1482 pro
1057 1440 1205 1472 habenda
1221 1440 1296 1472 inde
1307 1444 1394 1471 carta
1404 1440 1526 1472 domini
1544 1440 1645 1483 Regis

162 1513 194 1542 et
218 1521 274 1552 pro
298 1509 448 1542 habenda
471 1509 711 1542 confirmatione
737 1510 861 1541 domini
895 1509 997 1552 Regis
1020 1510 1059 1541 de
1084 1509 1156 1541 afiis
1179 1509 1272 1542 terris
1295 1514 1327 1542 et
1358 1510 1550 1542 tenementis
1581 1521 1642 1552 que

161 1582 275 1611 tenent
289 1579 323 1611 in
339 1578 460 1610 balliva
475 1579 515 1610 de
532 1578 789 1618 GLANMORGAN‚
806 1579 887 1611 sicut
904 1582 989 1611 carte
1011 1580 1204 1611 donatorum
1220 1579 1456 1611 rationabiliter
1471 1582 1641 1611 testantur.

161 1647 207 1680 Et
232 1648 421 1680 mandatum
443 1651 491 1679 est
518 1647 696 1679 FAUKESIO
719 1650 797 1679 tunc
821 1648 1000 1680 vicecomiti
1016 1648 1111 1690 quod,
1136 1651 1265 1691 accepta
1288 1648 1329 1680 ab
1349 1660 1386 1679 eo
1411 1649 1580 1681 securitate
1602 1650 1642 1681 de

154 1716 225 1748 'illis
246 1728 271 1748 (³.
297 1717 411 1749 marcis
433 1716 606 1748 reddendis
629 1717 670 1748 ad
693 1717 810 1749 festum
835 1717 946 1750 Sancti
967 1717 1165 1749 Mwnfflus
1188 1729 1273 1750 anno
1296 1719 1390 1760 regni
1412 1718 1514 1761 Regis
1540 1729 1586 1757 lx,
1614 1730 1639 1751 1„

160 1785 275 1818 marcis
289 1788 321 1817 et
337 1786 417 1817 duos
432 1796 530 1827 equos
545 1786 610 1827 (sic)
623 1785 711 1818 infra
728 1786 909 1828 predictum
925 1786 1045 1818 festum
1061 1785 1171 1818 Sancti
1187 1786 1225 1818 M
1228 1798 1394 1825 IOHAELIS,
1412 1790 1443 1819 et
1459 1788 1501 1820 ad
1518 1787 1641 1820 Pascha

160 1854 305 1896 proximo
321 1865 455 1896 sequens
472 1865 499 1886 L.
517 1854 641 1894 mareis,
657 1858 735 1887 tunc
748 1855 778 1886 ei
791 1855 859 1887 sine
875 1855 1032 1887 dilacione
1049 1854 1165 1888 habere
1181 1855 1280 1887 faciat
1295 1856 1473 1898 plenariam
1489 1857 1640 1889 saisinam

159 1924 199 1955 de
214 1923 366 1965 pred-ictis
376 1923 469 1955 terris
484 1926 516 1955 et
531 1923 558 1955 si
570 1935 644 1956 eum
661 1924 700 1955 de
717 1924 826 1966 aliquo
836 1927 1019 1957 tenemento
1030 1936 1161 1956 suorum
1173 1925 1344 1957 dissaisivit
1357 1931 1468 1958 contra
1477 1926 1641 1959 libertates

156 1994 317 2025 cartarum
333 1994 366 2024 et
393 1993 674 2025 confirmationum
697 2004 776 2035 quas
799 1995 839 2025 de
865 1993 996 2026 domino
1019 1994 1110 2037 Rege
1135 1994 1265 2033 habent,
1291 2006 1365 2027 eum
1391 1995 1458 2028 sine
1483 1996 1640 2028 dilacione

158 2061 299 2094 reseisiet
310 2065 342 2094 et
354 2061 389 2093 in
402 2060 488 2094 bona
498 2073 576 2104 pace
587 2065 696 2094 tenere
711 2063 888 2105 permittat.

200 2130 225 2152 It
236 2137 339 2159 appears
352 2129 407 2152 that
419 2130 461 2152 the
472 2130 563 2152 Monks
574 2131 599 2152 of
617 2130 737 2160 Mai-gam,
749 2131 844 2159 though
858 2132 917 2154 with
930 2136 1017 2161 strong
1030 2132 1114 2154 welsh
1127 2133 1287 2162 syxnpathies.
1301 2140 1362 2155 were
1374 2136 1416 2155 not
1429 2134 1507 2156 above
1523 2134 1640 2163 profiting

159 2173 192 2202 by
205 2172 246 2195 the
256 2172 418 2194 confiscatiou
430 2173 455 2193 of
473 2172 536 2195 their
548 2173 664 2195 brethren
675 2178 701 2195 at
713 2173 755 2196 the
766 2173 844 2196 hands
858 2175 883 2196 of
900 2174 968 2203 King
978 2175 1066 2197 John's
1078 2179 1142 2197 most
1159 2176 1299 2203 unpopular
1310 2176 1401 2198 Bailiff.
1433 2176 1485 2198 The
1493 2177 1641 2204 aequisition

159 2222 209 2237 was
221 2215 352 2237 confirmed
365 2214 389 2236 in
404 2215 460 2237 1207
471 2215 504 2244 by
516 2215 585 2243 King
595 2215 662 2237 John
674 2215 781 2244 himself,
792 2216 892 2238 whence
903 2217 922 2239 it
933 2224 1038 2245 appears
1050 2217 1105 2240 that
1117 2218 1158 2239 the
1170 2218 1241 2240 landa
1254 2225 1316 2240 were
1329 2218 1354 2240 in
1369 2218 1465 2246 Keufig.
1477 2222 1503 2240 ut
1515 2219 1570 2241 that
1582 2219 1640 2241 time

158 2265 173 2279 a
187 2264 246 2286 very
257 2257 428 2279 discontented
440 2257 543 2280 district.
555 2258 716 2286 eucom'aged,
729 2265 760 2280 no
772 2259 858 2287 doubt,
871 2259 903 2287 by
915 2259 956 2281 the
970 2259 1045 2281 Lorcs
1057 2260 1082 2281 οἰ
1094 2260 1174 2282 Avau.

308 2350 360 2376 21³
