1998 2724
341 170 405 201 604

911 360 1153 394 DLXXVIII.

297 447 396 480 THE
424 446 659 480 PAWNING
686 445 779 477 FOR
806 444 901 477 TEN
933 443 1088 475 YEARS
1114 442 1179 475 BY
1205 442 1383 481 PHILIP,
1410 442 1497 474 SON
1528 442 1586 474 OF
1612 441 1777 481 DAVID,

356 517 413 549 ΤΟ
446 515 668 548 MAURIOE
701 513 897 547 GRAMUS
929 512 989 545 OF
1020 511 1154 546 LAND
1185 511 1239 544 IN
1271 510 1716 544 POLLARDESSLADE.

718 596 850 639 [HARL.
870 594 1046 631 CHARTER,
1065 595 1106 625 75
1123 593 1163 625 B.
1183 593 1254 636 44]
1446 594 1466 624 4
1489 593 1612 625 Apnn„
1662 593 1756 624 1253.

342 680 451 713 Sciant
475 681 637 722 presentes
666 683 697 711 et
725 678 828 710 futuri
856 678 943 719 quod
974 689 1034 720 ego
1067 677 1257 709 anppus
1285 676 1370 708 filius
1401 676 1518 708 DAvn)
1545 676 1714 718 burgensis
1739 677 1780 709 de

298 749 495 781 KENEFETH
512 749 643 780 consilio
659 759 789 780 assensu
806 751 837 778 ct
854 758 1010 779 consensu
1025 746 1182 778 heredum
1198 757 1343 778 meorum
1364 746 1581 788 impignoravi
1605 745 1781 777 Mmmcm

299 819 445 852 GRAMUS
461 829 579 861 genero
595 829 666 849 meo
682 828 768 849 anno
785 816 909 849 domini
925 816 1096 848 millesimo
1113 815 1332 847 ducentesimo
1348 815 1617 857 quinquagesimo
1632 815 1728 847 tertio
1744 815 1780 846 in

298 889 350 920 die
367 888 478 920 Sancti
494 888 665 919 Amfmosn
684 887 823 928 episcopi
839 889 978 928 quatuor
994 897 1083 918 acras
1099 889 1181 917 terre
1198 884 1328 917 arabilis
1343 884 1378 916 in
1400 884 1708 915 Pommmmssmna
1725 895 1782 926 pro

299 958 408 989 decem
432 956 547 988 marcis
570 956 808 998 sterlingorum.
858 954 930 989 Que
947 955 1078 996 quidem
1095 956 1232 996 quatuor
1255 965 1325 986 acre
1349 953 1445 985 simul
1469 957 1501 985 et
1523 953 1651 995 integre
1673 952 1782 995 jacent

297 1027 383 1058 inter
406 1037 512 1058 acram
537 1025 672 1068 predicti
697 1025 867 1056 MAlecu
897 1036 935 1055 ex
960 1026 1051 1066 parte
1077 1023 1256 1065 aquilonari
1283 1049 1288 1054 .
1315 1033 1413 1064 quam
1438 1022 1556 1053 donavi
1582 1022 1684 1053 eidem
1710 1031 1783 1053 cum

299 1095 321 1128 J
324 1106 467 1127 OHANNA
481 1095 548 1127 filia
564 1105 636 1126 mea
648 1095 681 1126 in
698 1093 835 1126 liberum
853 1093 1071 1135 maritagium.
1119 1092 1165 1124 Et
1181 1092 1380 1134 portendunt
1397 1091 1428 1122 in
1443 1090 1618 1122 latitudine
1630 1101 1731 1132 usque
1743 1090 1785 1122 ad

299 1176 405 1198 acram
422 1168 505 1197 terre
522 1164 710 1197 WILLELMI
729 1163 787 1195 filii
806 1163 993 1195 HERBERTI
1011 1173 1050 1194 ex
1070 1164 1161 1205 parte
1177 1161 1319 1194 austraii.
1367 1160 1402 1192 Si
1419 1171 1492 1192 vero
1509 1171 1569 1202 ego
1588 1159 1635 1191 vel
1652 1159 1784 1191 heredes

298 1235 362 1267 mei
389 1235 475 1266 infra
499 1233 691 1266 decennium
718 1233 768 1264 vel
796 1233 911 1264 saltem
936 1232 970 1263 in
996 1232 1059 1263 fine
1087 1231 1202 1263 decimi
1231 1231 1308 1262 anni
1336 1230 1455 1261 dictam
1481 1229 1651 1271 pecuniam
1675 1229 1785 1260 decem

299 1315 480 1336 marcarum
495 1303 600 1335 eidem
624 1302 802 1334 Mummio
819 1301 870 1333 vei
887 1301 958 1343 ejus
974 1300 1145 1332 heredibus
1161 1300 1212 1331 vel
1234 1299 1408 1341 assignatis
1424 1309 1488 1330 non
1506 1298 1751 1340 persolverimus
1767 1309 1786 1329 a

301 1373 353 1405 die
369 1373 425 1404 illo
442 1375 473 1404 et
486 1372 636 1414 deinceps
652 1371 815 1413 predictus
831 1370 1030 1402 MAUmcms
1043 1372 1074 1401 et
1086 1368 1219 1401 heredes
1235 1368 1283 1400 sui
1297 1368 1347 1399 vel
1364 1367 1519 1409 assignati
1535 1366 1636 1398 dictas
1648 1368 1786 1408 quatuor

301 1454 388 1474 acras
411 1445 495 1474 terre
513 1468 518 1473 .
537 1441 655 1483 absque
672 1441 760 1472 omni
784 1440 1010 1472 reclamatione
1026 1450 1098 1471 mea
1116 1438 1167 1470 vel
1190 1438 1345 1469 heredum
1367 1447 1511 1468 meorum
1537 1436 1591 1478 qui
1617 1440 1691 1468 sunt
1710 1461 1715 1466 .
1733 1435 1784 1467 vel

302 1523 368 1543 esse
381 1514 533 1553 poterunt
548 1536 554 1542 .
568 1509 667 1541 libere
680 1509 865 1551 possideant
877 1535 882 1540 .
898 1508 1006 1550 quiete
1016 1510 1048 1540 et
1062 1507 1200 1549 pacifice.
1249 1506 1427 1538 Reddendo
1439 1505 1537 1536 michi
1551 1530 1556 1535 .
1571 1508 1603 1535 et
1616 1503 1786 1536 heredibus

302 1580 382 1612 meis
398 1580 464 1621 ipse
481 1583 513 1611 et
535 1579 669 1611 heredes
686 1578 734 1610 sui
751 1578 801 1610 vel
826 1577 982 1620 assignati
998 1588 1101 1609 unum
1124 1587 1183 1618 par
1199 1575 1346 1607 albarum
1363 1574 1593 1606 cirothetarum
1616 1572 1785 1604 annuatim

306 1651 348 1682 ad
365 1650 489 1682 Pascha
505 1661 562 1691 pro
579 1649 667 1681 omni
684 1649 849 1680 exactione
872 1647 1005 1679 seculari
1022 1650 1054 1679 et
1070 1646 1239 1678 demanda.
1287 1644 1331 1676 Et
1355 1646 1390 1676 ut
1413 1643 1471 1675 hec
1490 1653 1562 1675 mea
1582 1642 1739 1674 concessio
1756 1643 1788 1673 et

308 1720 477 1752 conventio
498 1721 568 1750 rata
590 1717 714 1750 stabilis
738 1720 769 1749 et
794 1717 981 1749 inconcussa
1000 1717 1187 1757 permaneat
1213 1713 1353 1756 presenti
1375 1713 1492 1754 scripto
1512 1711 1656 1754 sigillum
1680 1721 1789 1743 meum

309 1789 451 1831 apposui.
501 1787 578 1819 Hiis
593 1787 729 1819 testibus
755 1812 760 1817 .
789 1786 965 1817 Wmmmzo
982 1784 1104 1817 Luam
1120 1809 1125 1815 .
1140 1783 1268 1815 Tuom
1286 1781 1432 1814 Gnmus
1447 1806 1452 1813 .
1468 1781 1640 1812 PHILIPPO
1656 1779 1768 1812 clerico
1782 1805 1788 1810 .

311 1858 482 1889 Pmmvo
498 1857 705 1889 ALIXANDRO
724 1881 729 1887 .
748 1855 944 1887 WVILLELMO
960 1854 990 1886 le
1014 1853 1278 1885 FFRANKELEYN
1297 1878 1302 1883 .
1321 1851 1399 1883 Am
1417 1850 1563 1882 Hostum
1582 1876 1587 1881 .
1606 1849 1789 1881 Nmnomo

311 1927 451 1959 Nomws
470 1953 474 1958 .
494 1929 525 1958 ct
542 1925 655 1957 multis
671 1925 751 1956 aliis.

356 1996 388 2028 A
404 1996 507 2027 round
526 1995 590 2026 seul
607 1995 641 2026 in
657 1994 766 2026 brown
785 2004 866 2032 wax,
888 1993 949 2025 lin.
967 1992 1064 2024 diam.
1112 1989 1310 2023 Devicc—-A
1327 1988 1509 2031 quatrcfoil.

358 2065 546 2107 Legend--‘
567 2069 597 2100 -ἱ-
627 2063 651 2095 s'
679 2074 833 2094 mnmvm
863 2061 988 2093 imvm)

358 2135 581 2166 En‹10rsed—‘
593 2134 691 2165 Carta
708 2132 858 2164 Mauricii
875 2131 1015 2163 (in-amus
1031 2130 1070 2161 dc
1092 2130 1231 2171 quatuor
1247 2127 1326 2159 acris
1342 2129 1424 2159 terre
1440 2126 1473 2157 in
1491 2123 1745 2157 Pouardesslade
1761 2125 1794 2155 et

314 2204 391 2236 facit
408 2203 608 2235 mencionem
625 2203 664 2234 dc
682 2201 834 2243 Philippo
851 2200 917 2233 filio
934 2198 1065 2232 David.'
