1998 2724
1524 164 1587 194 347

153 321 340 352 nominatur
357 346 363 352 .
380 319 462 352 hanc
485 322 603 352 terram
627 323 729 353 totam
755 320 829 352 dedi
857 320 902 352 eis
928 320 962 352 in
990 323 1179 363 perpetuam
1206 320 1412 352 elemosinam
1440 320 1574 353 liberam
1600 326 1632 355 et

150 389 292 432 quietam
311 388 352 421 ab
370 389 458 421 omni
480 390 614 421 seculari
635 390 800 422 exactione
818 416 823 421 .
842 389 1089 422 concedentibus
1111 389 1267 421 MARGAN
1291 392 1323 422 et
1347 389 1570 423 CADUWALAN
1598 394 1629 424 et

148 458 332 490 MEROEDoc
350 484 355 490 .
374 459 449 490 filiis
473 457 643 490 CARADOCI
663 485 668 489 .
687 460 725 491 de
750 470 886 501 quorum
910 459 1007 491 feudo
1030 461 1115 491 terra
1141 459 1197 490 illa
1224 463 1293 491 erat
1320 462 1351 491 et
1382 461 1630 494 comedentibus

147 528 301 560 fratribus
323 528 425 560 meis.
444 528 565 560 scilicet
587 528 607 560 J
611 539 674 560 OAF
692 554 697 559 .
716 531 747 560 et
772 528 898 561 Gnmw
920 554 926 560 .
947 532 980 560 et
1003 528 1144 561 Mnmuc
1168 555 1172 559 .
1197 532 1229 560 et
1252 529 1318 561 filio
1341 540 1412 562 meo
1437 555 1443 561 .
1469 533 1501 562 et
1527 542 1627 564 uxore

143 609 215 630 mea
232 597 371 630 GLADUS
388 624 394 629 .
413 598 468 640 qui
485 608 595 630 omnes
610 598 842 640 abjuraverunt
858 601 977 630 terram
993 598 1170 641 predictam
1186 610 1259 630 cum
1276 598 1424 632 omnibus
1439 600 1628 642 parentibus

142 668 216 700 suis.
264 667 309 699 Et
330 668 356 699 si
377 667 548 710 contigerit
573 668 659 709 quod
685 667 801 709 aliquis
826 668 1064 710 calumpniatus
1087 667 1186 700 fuerit
1210 670 1328 700 terram
1353 669 1443 701 illam
1474 695 1479 701 .
1505 681 1566 713 ego
1593 674 1625 703 et

144 748 255 769 omnes
270 739 419 779 parentes
434 737 498 769 mei
514 737 670 769 stabimus
685 747 742 779 pro
758 737 913 769 fratribus
929 738 970 769 ad
986 737 1239 770 warezizandum
1258 738 1324 779 (sic)
1347 750 1418 770 eam
1438 738 1511 771 illis.
1560 740 1624 773 Pro

146 806 205 839 hac
230 806 403 839 donatione
428 807 586 839 dederunt
614 806 693 838 mihi
721 807 904 839 Mmtmws
931 810 962 839 et
991 807 1105 840 fratres
1132 808 1171 839 de
1199 807 1345 839 PENDAR
1370 834 1375 839 .
1401 809 1472 840 xxti*
1495 810 1622 842 solidos.

147 875 246 908 Hane
273 876 370 909 etiam
397 877 579 919 pactionem
606 876 793 909 confirmavi
820 876 878 908 sub
905 877 1090 918 juramento
1117 880 1149 909 et
1180 876 1238 909 sub
1269 877 1376 920 sigillo
1406 879 1528 910 domini
1560 880 1624 912 mei

146 945 296 977 Momm
321 946 379 977 filii
403 945 573 978 CARADOCI
600 946 676 988 quia
703 957 764 988 ego
792 946 935 988 sigillum
964 958 1029 978 non
1056 945 1164 978 habui.
1212 946 1328 989 Hujus
1353 947 1399 979 rei
1425 949 1522 981 testes
1548 952 1624 981 sunt

144 1013 302 1057 Magister
326 1015 460 1047 Pmnus
485 1016 523 1047 de
547 1015 693 1047 LANDAF
717 1019 749 1047 et
772 1015 795 1047 J
797 1027 859 1047 OAF
883 1015 1046 1047 Emeum
1064 1042 1069 1047 .
1088 1019 1118 1048 et
1142 1015 1303 1048 Rocmms
1325 1017 1410 1050 filius
1431 1017 1548 1050 ENxAN
1568 1045 1573 1050 .
1591 1022 1623 1052 et

144 1083 258 1116 Kssm
279 1083 437 1117 Wmmor
455 1111 461 1116 .
479 1088 512 1117 et
527 1085 686 1117 JERVERT
702 1085 788 1117 filius
804 1084 928 1117 Minoo
946 1112 951 1116 .
970 1088 1000 1117 et
1018 1085 1040 1117 J
1042 1096 1135 1117 OHAN
1152 1085 1298 1118 LANDAF
1317 1113 1321 1118 .
1340 1086 1519 1119 MAREDUD
1538 1088 1624 1121 filius

145 1153 268 1185 Ownm
288 1179 293 1184 .
311 1153 478 1186 ENIAUUN
495 1154 650 1196 presbiter
665 1155 705 1187 de
722 1154 924 1186 menmcn
944 1182 947 1186 .
968 1155 1158 1187 anppcs
1177 1155 1309 1188 clericus
1329 1156 1427 1188 frater
1447 1156 1519 1200 ejus
1537 1184 1542 1189 .
1561 1158 1624 1191 Rm

142 1223 227 1255 filius
242 1223 264 1256 J
266 1234 332 1255 ont
351 1249 356 1255 .
374 1223 481 1256 Amm
497 1224 583 1256 filius
599 1223 765 1256 Mmmm.

186 1291 269 1331 Seal,
286 1293 341 1324 red
357 1304 438 1332 wax,
457 1293 521 1324 2in.
540 1293 637 1325 diam.
687 1292 883 1336 Equestrian
899 1298 986 1336 type.
1034 1293 1181 1326 Variant.

189 1360 379 1404 Legend——‘
392 1367 423 1398 -Ι-
446 1372 607 1394 smlLLUM
625 1373 781 1394 MORGANI
806 1373 891 1394 FILII
908 1363 1066 1395 CRATocL'

187 1429 408 1462 Endorsed—‘
420 1430 517 1462 Carta
534 1430 668 1463 Cradoci
684 1430 843 1463 Verbeis)

430 1507 795 1558 Caradoc'Vei-beis.=Gladus.
887 1507 954 1559 Jdaf.
1046 1507 1140 1559 Grimu.
1234 1509 1333 1560 Mein-ic.

183 1590 234 1612 'she
247 1589 354 1612 Cnradoc
366 1591 447 1613 whose
458 1598 516 1613 sons
528 1598 568 1613 are
582 1592 720 1614 mentione-d
734 1599 784 1614 was
796 1592 837 1614 the
850 1592 913 1614 Lord
925 1592 950 1614 of
968 1592 1009 1614 the
1021 1593 1064 1614 see.

763 1742 996 1777 CCCXLVII.

139 1823 492 1857 MEMORANDUM
518 1825 575 1857 AS
607 1825 665 1857 ΤΟ
697 1825 999 1858 ΟΑΝΑῨΤΗΕΝ
1029 1826 1093 1858 AB
1126 1826 1316 1860 ROBERT
1346 1827 1409 1860 AB
1441 1828 1618 1871 EYNON,

246 1893 348 1926 AND
386 1893 501 1927 HOW
537 1894 606 1927 HE
645 1894 896 1930 ACQUIRED
935 1894 1211 1929 ROSSOWLIN
1249 1897 1351 1930 AND
1390 1897 1618 1933 GRANTED

246 1962 295 1994 ΙΤ
325 1961 384 1994 ΤΟ
416 1962 628 1996 MARGAM
659 1963 835 1997 ABBEY.

587 2044 704 2088 [Con.
722 2045 847 2078 Topos.
869 2057 911 2078 ET
935 2045 1022 2078 GEN.
1040 2046 1081 2079 V.
1100 2046 1170 2090 20.]

183 2125 397 2158 CANAYTHEN
421 2126 525 2169 primo
549 2127 640 2159 dedit
663 2130 781 2160 terram
804 2128 844 2160 de
868 2127 1052 2160 Rosowm«
1078 2129 1187 2162 domui
1215 2130 1255 2162 de
1282 2130 1438 2164 MARGAN
1466 2143 1621 2166 consensu

140 2195 263 2227 domini
279 2195 329 2227 sui
345 2197 378 2227 et
392 2198 503 2238 postea
518 2196 622 2228 faetus
638 2197 667 2228 ei
683 2207 852 2229 conversus
869 2197 918 2229 vir
935 2223 940 2229 .
962 2223 967 2229 .
988 2223 993 2229 .
1012 2200 1044 2230 et
1061 2199 1220 2232 tutissime
1237 2200 1319 2232 vixit
1338 2201 1488 2234 omnibus
1508 2201 1622 2235 diebus

138 2263 204 2293 vite
220 2275 284 2294 sue.
