<?xml version="1.0" encoding="UTF-8"?>
<!DOCTYPE html PUBLIC "-//W3C//DTD XHTML 1.0 Transitional//EN"
    "http://www.w3.org/TR/xhtml1/DTD/xhtml1-transitional.dtd">
<html xmlns="http://www.w3.org/1999/xhtml" xml:lang="en" lang="en">
 <head>
  <title>
</title>
<meta http-equiv="Content-Type" content="text/html;charset=utf-8" />
  <meta name='ocr-system' content='tesseract 3.04.00' />
  <meta name='ocr-capabilities' content='ocr_page ocr_carea ocr_par ocr_line ocrx_word'/>
</head>
<body>
  <div class='ocr_page' id='page_1' title='image "./cartaeetaliamuni02claruoft_0039.png"; bbox 0 0 1998 2724; ppageno 0'>
   <div class='ocr_carea' id='block_1_1' title="bbox 1527 160 1591 191">
    <p class='ocr_par' dir='ltr' id='par_1_1' title="bbox 1527 160 1591 191">
     <span class='ocr_line' id='line_1_1' title="bbox 1527 160 1591 191; baseline 0 0"><span class='ocrx_word' id='word_1_1' title='bbox 1527 160 1591 191; x_wconf 84' lang='lat'>255</span> 
     </span>
    </p>
   </div>
   <div class='ocr_carea' id='block_1_2' title="bbox 820 316 969 350">
    <p class='ocr_par' dir='ltr' id='par_1_2' title="bbox 820 316 969 350">
     <span class='ocr_line' id='line_1_2' title="bbox 820 316 969 350; baseline 0 -1"><span class='ocrx_word' id='word_1_2' title='bbox 820 316 969 350; x_wconf 82' lang='lat' dir='ltr'><strong>OOLIV.</strong></span> 
     </span>
    </p>
   </div>
   <div class='ocr_carea' id='block_1_3' title="bbox 151 398 1635 507">
    <p class='ocr_par' dir='ltr' id='par_1_3' title="bbox 151 398 1635 507">
     <span class='ocr_line' id='line_1_3' title="bbox 151 398 1635 439; baseline 0 -5"><span class='ocrx_word' id='word_1_3' title='bbox 151 398 439 435; x_wconf 75' lang='lat' dir='ltr'><strong>QUIT-GLAJM</strong></span> <span class='ocrx_word' id='word_1_4' title='bbox 471 398 537 430; x_wconf 92' lang='lat' dir='ltr'>BY</span> <span class='ocrx_word' id='word_1_5' title='bbox 565 398 707 438; x_wconf 84' lang='lat' dir='ltr'><strong>FILIP,</strong></span> <span class='ocrx_word' id='word_1_6' title='bbox 731 398 900 431; x_wconf 81' lang='lat' dir='ltr'>PRIEST</span> <span class='ocrx_word' id='word_1_7' title='bbox 926 399 986 432; x_wconf 89' lang='lat' dir='ltr'>OF</span> <span class='ocrx_word' id='word_1_8' title='bbox 1009 398 1354 439; x_wconf 85' lang='lat' dir='ltr'><strong>HAVODHALOO‚</strong></span> <span class='ocrx_word' id='word_1_9' title='bbox 1379 400 1481 433; x_wconf 78' lang='lat' dir='ltr'>AND</span> <span class='ocrx_word' id='word_1_10' title='bbox 1505 401 1635 434; x_wconf 85' lang='lat' dir='ltr'>JOHN</span> 
     </span>
     <span class='ocr_line' id='line_1_4' title="bbox 262 467 1634 507; baseline 0.002 -7"><span class='ocrx_word' id='word_1_11' title='bbox 262 468 344 501; x_wconf 84' lang='lat' dir='ltr'>HIS</span> <span class='ocrx_word' id='word_1_12' title='bbox 383 467 607 507; x_wconf 75' lang='lat' dir='ltr'>NEPHEW,</span> <span class='ocrx_word' id='word_1_13' title='bbox 647 468 707 500; x_wconf 88' lang='lat' dir='ltr'>OF</span> <span class='ocrx_word' id='word_1_14' title='bbox 745 467 844 500; x_wconf 85' lang='lat' dir='ltr'>THE</span> <span class='ocrx_word' id='word_1_15' title='bbox 884 468 1077 501; x_wconf 83' lang='lat' dir='ltr'><strong>OHAPEL</strong></span> <span class='ocrx_word' id='word_1_16' title='bbox 1115 468 1175 501; x_wconf 86' lang='lat' dir='ltr'>OF</span> <span class='ocrx_word' id='word_1_17' title='bbox 1205 469 1540 503; x_wconf 87' lang='lat' dir='ltr'><strong>HAVODHALOO</strong></span> <span class='ocrx_word' id='word_1_18' title='bbox 1575 470 1634 503; x_wconf 83' lang='lat' dir='ltr'>TO</span> 
     </span>
    </p>
   </div>
   <div class='ocr_carea' id='block_1_4' title="bbox 262 536 1092 631">
    <p class='ocr_par' dir='ltr' id='par_1_4' title="bbox 262 536 1092 631">
     <span class='ocr_line' id='line_1_5' title="bbox 262 536 677 570; baseline -0.002 0"><span class='ocrx_word' id='word_1_19' title='bbox 262 537 473 570; x_wconf 77' lang='lat' dir='ltr'><strong>MARGAM</strong></span> <span class='ocrx_word' id='word_1_20' title='bbox 503 536 677 570; x_wconf 85' lang='lat' dir='ltr'><strong>ABBEY.</strong></span> 
     </span>
     <span class='ocr_line' id='line_1_6' title="bbox 699 586 1092 631; baseline 0.003 -12"><span class='ocrx_word' id='word_1_21' title='bbox 699 586 873 630; x_wconf 75' lang='lat' dir='ltr'>[MARGAM</span> <span class='ocrx_word' id='word_1_22' title='bbox 897 588 1092 631; x_wconf 62' lang='lat' dir='ltr'>CHARTER]</span> 
     </span>
    </p>
   </div>
   <div class='ocr_carea' id='block_1_5' title="bbox 151 669 1639 1268">
    <p class='ocr_par' dir='ltr' id='par_1_5' title="bbox 151 669 1635 1061">
     <span class='ocr_line' id='line_1_7' title="bbox 196 669 1634 713; baseline 0.001 -10"><span class='ocrx_word' id='word_1_23' title='bbox 196 671 323 703; x_wconf 82' lang='lat' dir='ltr'>Notum</span> <span class='ocrx_word' id='word_1_24' title='bbox 339 671 380 702; x_wconf 79' lang='lat' dir='ltr'>sit</span> <span class='ocrx_word' id='word_1_25' title='bbox 397 669 547 702; x_wconf 88' lang='lat' dir='ltr'>omnibus</span> <span class='ocrx_word' id='word_1_26' title='bbox 562 670 604 702; x_wconf 84' lang='lat' dir='ltr'>ad</span> <span class='ocrx_word' id='word_1_27' title='bbox 620 680 700 712; x_wconf 86' lang='lat' dir='ltr'>quos</span> <span class='ocrx_word' id='word_1_28' title='bbox 711 681 841 712; x_wconf 77' lang='lat' dir='ltr'>presens</span> <span class='ocrx_word' id='word_1_29' title='bbox 854 670 1008 712; x_wconf 82' lang='lat' dir='ltr'>scriptum</span> <span class='ocrx_word' id='word_1_30' title='bbox 1020 671 1201 712; x_wconf 84' lang='lat' dir='ltr'>pervenerit</span> <span class='ocrx_word' id='word_1_31' title='bbox 1213 672 1299 713; x_wconf 87' lang='lat' dir='ltr'>quod</span> <span class='ocrx_word' id='word_1_32' title='bbox 1312 672 1477 704; x_wconf 78' lang='lat' dir='ltr'>F1L1P1&gt;Us</span> <span class='ocrx_word' id='word_1_33' title='bbox 1489 673 1634 706; x_wconf 79' lang='lat' dir='ltr'><strong>sacerdos</strong></span> 
     </span>
     <span class='ocr_line' id='line_1_8' title="bbox 151 739 1633 781; baseline 0.001 -9"><span class='ocrx_word' id='word_1_34' title='bbox 151 741 192 773; x_wconf 88' lang='lat' dir='ltr'>de</span> <span class='ocrx_word' id='word_1_35' title='bbox 208 739 447 772; x_wconf 73' lang='lat' dir='ltr'>HAVODHALoc</span> <span class='ocrx_word' id='word_1_36' title='bbox 463 742 496 771; x_wconf 83' lang='lat' dir='ltr'>et</span> <span class='ocrx_word' id='word_1_37' title='bbox 511 739 533 771; x_wconf 92' lang='lat' dir='ltr'><strong>J</strong></span> <span class='ocrx_word' id='word_1_38' title='bbox 535 750 696 771; x_wconf 79' lang='lat' dir='ltr'><strong>OHANNES</strong></span> <span class='ocrx_word' id='word_1_39' title='bbox 712 750 812 781; x_wconf 87' lang='lat' dir='ltr'>nepos</span> <span class='ocrx_word' id='word_1_40' title='bbox 828 739 900 781; x_wconf 84' lang='lat' dir='ltr'>ejus</span> <span class='ocrx_word' id='word_1_41' title='bbox 915 740 1043 781; x_wconf 79' lang='lat' dir='ltr'>quitum</span> <span class='ocrx_word' id='word_1_42' title='bbox 1060 740 1279 773; x_wconf 83' lang='lat' dir='ltr'>clamaverunt</span> <span class='ocrx_word' id='word_1_43' title='bbox 1299 742 1410 774; x_wconf 88' lang='lat' dir='ltr'>domui</span> <span class='ocrx_word' id='word_1_44' title='bbox 1426 743 1465 774; x_wconf 84' lang='lat' dir='ltr'>de</span> <span class='ocrx_word' id='word_1_45' title='bbox 1478 742 1535 774; x_wconf 70' lang='lat' dir='ltr'>MA</span> <span class='ocrx_word' id='word_1_46' title='bbox 1542 753 1633 774; x_wconf 79' lang='lat' dir='ltr'>RGAN</span> 
     </span>
     <span class='ocr_line' id='line_1_9' title="bbox 151 808 1634 854; baseline 0.001 -13"><span class='ocrx_word' id='word_1_47' title='bbox 151 810 186 842; x_wconf 90' lang='lat' dir='ltr'>in</span> <span class='ocrx_word' id='word_1_48' title='bbox 203 812 395 852; x_wconf 85' lang='lat' dir='ltr'>perpetuum</span> <span class='ocrx_word' id='word_1_49' title='bbox 412 820 506 841; x_wconf 90' lang='lat' dir='ltr'>omne</span> <span class='ocrx_word' id='word_1_50' title='bbox 521 808 576 851; x_wconf 81' lang='lat' dir='ltr'>jus</span> <span class='ocrx_word' id='word_1_51' title='bbox 592 809 678 850; x_wconf 88' lang='lat' dir='ltr'>quod</span> <span class='ocrx_word' id='word_1_52' title='bbox 694 808 877 840; x_wconf 78' lang='lat' dir='ltr'>habuerunt</span> <span class='ocrx_word' id='word_1_53' title='bbox 896 809 930 841; x_wconf 89' lang='lat' dir='ltr'>in</span> <span class='ocrx_word' id='word_1_54' title='bbox 955 809 1078 851; x_wconf 79' lang='lat' dir='ltr'>capella</span> <span class='ocrx_word' id='word_1_55' title='bbox 1101 810 1141 841; x_wconf 89' lang='lat' dir='ltr'>de</span> <span class='ocrx_word' id='word_1_56' title='bbox 1165 809 1401 843; x_wconf 76' lang='lat' dir='ltr'>HAVODHALOC</span> <span class='ocrx_word' id='word_1_57' title='bbox 1423 811 1543 854; x_wconf 78' lang='lat' dir='ltr'>absque</span> <span class='ocrx_word' id='word_1_58' title='bbox 1567 812 1634 844; x_wconf 85' lang='lat' dir='ltr'>ullo</span> 
     </span>
     <span class='ocr_line' id='line_1_10' title="bbox 151 877 1634 920; baseline 0 -8"><span class='ocrx_word' id='word_1_59' title='bbox 151 880 367 912; x_wconf 78' lang='lat' dir='ltr'>retinemento</span> <span class='ocrx_word' id='word_1_60' title='bbox 397 878 431 910; x_wconf 82' lang='lat' dir='ltr'>in</span> <span class='ocrx_word' id='word_1_61' title='bbox 462 878 624 920; x_wconf 75' lang='lat' dir='ltr'>presentia</span> <span class='ocrx_word' id='word_1_62' title='bbox 654 877 828 910; x_wconf 72' lang='lat' dir='ltr'>NICHOLAI</span> <span class='ocrx_word' id='word_1_63' title='bbox 858 877 1048 910; x_wconf 62' lang='lat' dir='ltr'>thesausarii</span> <span class='ocrx_word' id='word_1_64' title='bbox 1079 878 1323 911; x_wconf 67' lang='lat' dir='ltr'>LANDAVENsm</span> <span class='ocrx_word' id='word_1_65' title='bbox 1346 880 1476 912; x_wconf 75' lang='lat' dir='ltr'>ecclesie</span> <span class='ocrx_word' id='word_1_66' title='bbox 1501 907 1506 912; x_wconf 88' lang='lat'>.</span> <span class='ocrx_word' id='word_1_67' title='bbox 1532 880 1634 912; x_wconf 79' lang='lat' dir='ltr'>Ivom</span> 
     </span>
     <span class='ocr_line' id='line_1_11' title="bbox 153 946 1635 991; baseline 0.001 -10"><span class='ocrx_word' id='word_1_68' title='bbox 153 948 297 981; x_wconf 82' lang='lat' dir='ltr'>canonici</span> <span class='ocrx_word' id='word_1_69' title='bbox 315 974 321 979; x_wconf 92' lang='lat'><em>.</em></span> <span class='ocrx_word' id='word_1_70' title='bbox 339 947 445 980; x_wconf 70' lang='lat' dir='ltr'>ADAM</span> <span class='ocrx_word' id='word_1_71' title='bbox 462 947 657 979; x_wconf 82' lang='lat' dir='ltr'>sacerdotis.</span> <span class='ocrx_word' id='word_1_72' title='bbox 676 946 831 979; x_wconf 70' lang='lat' dir='ltr'>Rossmm</span> <span class='ocrx_word' id='word_1_73' title='bbox 855 946 1021 979; x_wconf 71' lang='lat' dir='ltr'>SAMSONIS</span> <span class='ocrx_word' id='word_1_74' title='bbox 1047 974 1052 979; x_wconf 95' lang='lat'>.</span> <span class='ocrx_word' id='word_1_75' title='bbox 1078 951 1110 980; x_wconf 86' lang='lat' dir='ltr'>et</span> <span class='ocrx_word' id='word_1_76' title='bbox 1134 948 1271 980; x_wconf 85' lang='lat' dir='ltr'>aliorum</span> <span class='ocrx_word' id='word_1_77' title='bbox 1295 949 1472 981; x_wconf 81' lang='lat' dir='ltr'>multorum</span> <span class='ocrx_word' id='word_1_78' title='bbox 1497 961 1635 991; x_wconf 88' lang='lat' dir='ltr'>quorum</span> 
     </span>
     <span class='ocr_line' id='line_1_12' title="bbox 153 1015 712 1061; baseline -0.005 -10"><span class='ocrx_word' id='word_1_79' title='bbox 153 1018 205 1051; x_wconf 88' lang='lat' dir='ltr'>hic</span> <span class='ocrx_word' id='word_1_80' title='bbox 221 1017 329 1061; x_wconf 79' lang='lat' dir='ltr'>sigilla</span> <span class='ocrx_word' id='word_1_81' title='bbox 345 1017 538 1060; x_wconf 85' lang='lat' dir='ltr'>dependent.</span> <span class='ocrx_word' id='word_1_82' title='bbox 585 1015 712 1049; x_wconf 78' lang='lat' dir='ltr'>Valete.</span> 
     </span>
    </p>

    <p class='ocr_par' dir='ltr' id='par_1_6' title="bbox 198 1085 590 1129">
     <span class='ocr_line' id='line_1_13' title="bbox 198 1085 590 1129; baseline -0.005 -10"><span class='ocrx_word' id='word_1_83' title='bbox 198 1086 277 1119; x_wconf 80' lang='lat' dir='ltr'>Two</span> <span class='ocrx_word' id='word_1_84' title='bbox 294 1087 383 1125; x_wconf 82' lang='lat' dir='ltr'>seals,</span> <span class='ocrx_word' id='word_1_85' title='bbox 400 1085 480 1118; x_wconf 75' lang='lat' dir='ltr'>both</span> <span class='ocrx_word' id='word_1_86' title='bbox 496 1097 590 1129; x_wconf 88' lang='lat' dir='ltr'>gone.</span> 
     </span>
    </p>

    <p class='ocr_par' dir='ltr' id='par_1_7' title="bbox 154 1154 1639 1268">
     <span class='ocr_line' id='line_1_14' title="bbox 198 1154 1639 1200; baseline 0.001 -12"><span class='ocrx_word' id='word_1_87' title='bbox 198 1154 634 1194; x_wconf 80' lang='lat' dir='ltr'>Endorsed—‘Hefflhaloc‚’</span> <span class='ocrx_word' id='word_1_88' title='bbox 652 1155 717 1186; x_wconf 85' lang='lat' dir='ltr'>and</span> <span class='ocrx_word' id='word_1_89' title='bbox 734 1158 741 1171; x_wconf 91' lang='lat'>‘</span> <span class='ocrx_word' id='word_1_90' title='bbox 755 1154 934 1197; x_wconf 76' lang='lat' dir='ltr'>Abjuratio</span> <span class='ocrx_word' id='word_1_91' title='bbox 952 1154 1013 1187; x_wconf 82' lang='lat' dir='ltr'>Ph.</span> <span class='ocrx_word' id='word_1_92' title='bbox 1033 1155 1205 1188; x_wconf 79' lang='lat' dir='ltr'>sacerdotis</span> <span class='ocrx_word' id='word_1_93' title='bbox 1223 1182 1229 1187; x_wconf 87' lang='lat'><strong><em>.</em></strong></span> <span class='ocrx_word' id='word_1_94' title='bbox 1247 1158 1280 1188; x_wconf 88' lang='lat' dir='ltr'>et</span> <span class='ocrx_word' id='word_1_95' title='bbox 1296 1156 1330 1189; x_wconf 88' lang='lat' dir='ltr'>J.</span> <span class='ocrx_word' id='word_1_96' title='bbox 1355 1157 1481 1199; x_wconf 84' lang='lat' dir='ltr'>nepotis</span> <span class='ocrx_word' id='word_1_97' title='bbox 1504 1157 1575 1200; x_wconf 84' lang='lat' dir='ltr'>ejus</span> <span class='ocrx_word' id='word_1_98' title='bbox 1598 1158 1639 1191; x_wconf 87' lang='lat' dir='ltr'>de</span> 
     </span>
     <span class='ocr_line' id='line_1_15' title="bbox 154 1223 609 1268; baseline -0.007 -10"><span class='ocrx_word' id='word_1_99' title='bbox 154 1225 277 1268; x_wconf 82' lang='lat' dir='ltr'>capella</span> <span class='ocrx_word' id='word_1_100' title='bbox 293 1225 332 1257; x_wconf 89' lang='lat' dir='ltr'>de</span> <span class='ocrx_word' id='word_1_101' title='bbox 349 1223 609 1256; x_wconf 82' lang='lat' dir='ltr'>Havedhalanc.&#39;</span> 
     </span>
    </p>
   </div>
   <div class='ocr_carea' id='block_1_6' title="bbox 418 1293 1376 1324">
    <p class='ocr_par' dir='ltr' id='par_1_8' title="bbox 418 1293 1376 1324">
     <span class='ocr_line' id='line_1_16' title="bbox 418 1293 1376 1324; baseline 0.002 -9"><span class='ocrx_word' id='word_1_102' title='bbox 418 1293 497 1316; x_wconf 74' lang='lat' dir='ltr'>Birch.</span> <span class='ocrx_word' id='word_1_103' title='bbox 510 1293 619 1322; x_wconf 69' lang='lat' dir='ltr'><em>Mar-qam</em></span> <span class='ocrx_word' id='word_1_104' title='bbox 634 1293 717 1322; x_wconf 47' lang='grc' dir='ltr'>,Νῶε-ῃ,</span> <span class='ocrx_word' id='word_1_105' title='bbox 732 1300 752 1321; x_wconf 66' lang='lat' dir='ltr'>1·v</span> <span class='ocrx_word' id='word_1_106' title='bbox 769 1294 816 1321; x_wconf 72' lang='lat'>123,</span> <span class='ocrx_word' id='word_1_107' title='bbox 829 1293 951 1315; x_wconf 60' lang='lat' dir='ltr'>identifies</span> <span class='ocrx_word' id='word_1_108' title='bbox 964 1293 1013 1314; x_wconf 66' lang='lat' dir='ltr'>this</span> <span class='ocrx_word' id='word_1_109' title='bbox 1027 1293 1093 1321; x_wconf 72' lang='lat' dir='ltr'>place</span> <span class='ocrx_word' id='word_1_110' title='bbox 1107 1294 1165 1315; x_wconf 79' lang='lat' dir='ltr'>with</span> <span class='ocrx_word' id='word_1_111' title='bbox 1179 1294 1376 1324; x_wconf 66' lang='lat' dir='ltr'>Havod-lieulogv</span> 
     </span>
    </p>
   </div>
   <div class='ocr_carea' id='block_1_7' title="bbox 834 1425 961 1457">
    <p class='ocr_par' dir='ltr' id='par_1_9' title="bbox 834 1425 961 1457">
     <span class='ocr_line' id='line_1_17' title="bbox 834 1425 961 1457; baseline 0 0"><span class='ocrx_word' id='word_1_112' title='bbox 834 1425 961 1457; x_wconf 84' lang='lat' dir='ltr'>OCLV.</span> 
     </span>
    </p>
   </div>
   <div class='ocr_carea' id='block_1_8' title="bbox 155 1486 1637 1679">
    <p class='ocr_par' dir='ltr' id='par_1_10' title="bbox 155 1486 1637 1679">
     <span class='ocr_line' id='line_1_18' title="bbox 155 1486 1637 1547; baseline 0.001 -6"><span class='ocrx_word' id='word_1_113' title='bbox 155 1486 318 1541; x_wconf 69' lang='lat' dir='ltr'><strong>GRANT</strong></span> <span class='ocrx_word' id='word_1_114' title='bbox 354 1507 420 1540; x_wconf 87' lang='lat' dir='ltr'>BY</span> <span class='ocrx_word' id='word_1_115' title='bbox 453 1506 667 1546; x_wconf 78' lang='lat' dir='ltr'><strong>MORGAN,</strong></span> <span class='ocrx_word' id='word_1_116' title='bbox 707 1506 796 1540; x_wconf 85' lang='lat' dir='ltr'>SON</span> <span class='ocrx_word' id='word_1_117' title='bbox 833 1506 892 1539; x_wconf 88' lang='lat' dir='ltr'>OF</span> <span class='ocrx_word' id='word_1_118' title='bbox 927 1506 1156 1547; x_wconf 78' lang='lat' dir='ltr'>OARADOC,</span> <span class='ocrx_word' id='word_1_119' title='bbox 1190 1507 1293 1541; x_wconf 88' lang='lat' dir='ltr'>AND</span> <span class='ocrx_word' id='word_1_120' title='bbox 1325 1508 1502 1542; x_wconf 83' lang='lat' dir='ltr'>LEISAN</span> <span class='ocrx_word' id='word_1_121' title='bbox 1534 1510 1637 1543; x_wconf 92' lang='lat' dir='ltr'>AND</span> 
     </span>
     <span class='ocr_line' id='line_1_19' title="bbox 265 1575 1636 1616; baseline 0.001 -6"><span class='ocrx_word' id='word_1_122' title='bbox 265 1576 409 1610; x_wconf 85' lang='lat' dir='ltr'><strong>OWEN</strong></span> <span class='ocrx_word' id='word_1_123' title='bbox 444 1576 526 1609; x_wconf 85' lang='lat' dir='ltr'>HIS</span> <span class='ocrx_word' id='word_1_124' title='bbox 565 1575 688 1616; x_wconf 84' lang='lat' dir='ltr'><strong>SONS,</strong></span> <span class='ocrx_word' id='word_1_125' title='bbox 729 1576 787 1608; x_wconf 83' lang='grc' dir='ltr'>ΤΟ</span> <span class='ocrx_word' id='word_1_126' title='bbox 823 1575 1029 1609; x_wconf 78' lang='lat' dir='ltr'>MARGAN</span> <span class='ocrx_word' id='word_1_127' title='bbox 1064 1576 1122 1608; x_wconf 88' lang='lat' dir='ltr'>OF</span> <span class='ocrx_word' id='word_1_128' title='bbox 1155 1577 1288 1609; x_wconf 87' lang='lat' dir='ltr'>LAND</span> <span class='ocrx_word' id='word_1_129' title='bbox 1323 1577 1457 1610; x_wconf 81' lang='lat' dir='ltr'><strong>NEAR</strong></span> <span class='ocrx_word' id='word_1_130' title='bbox 1495 1578 1636 1612; x_wconf 82' lang='lat' dir='ltr'>PULT-</span> 
     </span>
     <span class='ocr_line' id='line_1_20' title="bbox 265 1645 499 1679; baseline -0.004 0"><span class='ocrx_word' id='word_1_131' title='bbox 265 1645 499 1679; x_wconf 79' lang='lat' dir='ltr'>SCATHAN.</span> 
     </span>
    </p>
   </div>
   <div class='ocr_carea' id='block_1_9' title="bbox 664 1689 1590 1732">
    <p class='ocr_par' dir='ltr' id='par_1_11' title="bbox 664 1689 1590 1732">
     <span class='ocr_line' id='line_1_21' title="bbox 664 1689 1590 1732; baseline 0.003 -11"><span class='ocrx_word' id='word_1_132' title='bbox 664 1689 838 1732; x_wconf 75' lang='lat' dir='ltr'>[MARGAM</span> <span class='ocrx_word' id='word_1_133' title='bbox 863 1689 1058 1732; x_wconf 64' lang='lat' dir='ltr'>CHARTER]</span> <span class='ocrx_word' id='word_1_134' title='bbox 1106 1690 1228 1721; x_wconf 63' lang='lat' dir='ltr'>Apum</span> <span class='ocrx_word' id='word_1_135' title='bbox 1240 1690 1481 1731; x_wconf 66' lang='lat' dir='ltr'><strong>MIOHAELMAS,</strong></span> <span class='ocrx_word' id='word_1_136' title='bbox 1497 1693 1590 1724; x_wconf 84' lang='lat'>1200.</span> 
     </span>
    </p>
   </div>
   <div class='ocr_carea' id='block_1_10' title="bbox 153 1770 1635 2232">
    <p class='ocr_par' dir='ltr' id='par_1_12' title="bbox 199 1770 1508 1813">
     <span class='ocr_line' id='line_1_22' title="bbox 199 1770 1508 1813; baseline 0.002 -10"><span class='ocrx_word' id='word_1_137' title='bbox 199 1771 370 1803; x_wconf 85' lang='lat' dir='ltr'>Universis</span> <span class='ocrx_word' id='word_1_138' title='bbox 385 1770 501 1803; x_wconf 79' lang='lat' dir='ltr'>Sancte</span> <span class='ocrx_word' id='word_1_139' title='bbox 518 1771 646 1803; x_wconf 77' lang='lat' dir='ltr'>ecclesie</span> <span class='ocrx_word' id='word_1_140' title='bbox 662 1771 737 1803; x_wconf 82' lang='lat' dir='ltr'>filiis</span> <span class='ocrx_word' id='word_1_141' title='bbox 753 1783 783 1813; x_wconf 86' lang='lat' dir='ltr'>p.</span> <span class='ocrx_word' id='word_1_142' title='bbox 799 1783 825 1803; x_wconf 90' lang='lat' dir='ltr'>e.</span> <span class='ocrx_word' id='word_1_143' title='bbox 844 1771 866 1803; x_wconf 79' lang='lat' dir='ltr'>f.</span> <span class='ocrx_word' id='word_1_144' title='bbox 884 1771 1079 1804; x_wconf 81' lang='lat' dir='ltr'>MORGANUS</span> <span class='ocrx_word' id='word_1_145' title='bbox 1095 1771 1180 1804; x_wconf 85' lang='lat' dir='ltr'>filius</span> <span class='ocrx_word' id='word_1_146' title='bbox 1197 1771 1344 1804; x_wconf 71' lang='lat' dir='ltr'><strong>ORADOCI</strong></span> <span class='ocrx_word' id='word_1_147' title='bbox 1361 1773 1508 1806; x_wconf 83' lang='lat' dir='ltr'>salutem.</span> 
     </span>
    </p>

    <p class='ocr_par' dir='ltr' id='par_1_13' title="bbox 153 1839 1635 2232">
     <span class='ocr_line' id='line_1_23' title="bbox 200 1839 1635 1876; baseline 0.003 -5"><span class='ocrx_word' id='word_1_148' title='bbox 200 1839 314 1872; x_wconf 82' lang='lat' dir='ltr'>Sciatis</span> <span class='ocrx_word' id='word_1_149' title='bbox 329 1851 380 1872; x_wconf 90' lang='lat' dir='ltr'>me</span> <span class='ocrx_word' id='word_1_150' title='bbox 397 1840 584 1872; x_wconf 81' lang='lat' dir='ltr'>concessisse</span> <span class='ocrx_word' id='word_1_151' title='bbox 600 1843 631 1872; x_wconf 79' lang='lat' dir='ltr'>et</span> <span class='ocrx_word' id='word_1_152' title='bbox 648 1840 772 1872; x_wconf 84' lang='lat' dir='ltr'>dedisse</span> <span class='ocrx_word' id='word_1_153' title='bbox 789 1842 819 1872; x_wconf 85' lang='lat' dir='ltr'>et</span> <span class='ocrx_word' id='word_1_154' title='bbox 836 1841 896 1872; x_wconf 83' lang='lat' dir='ltr'>hac</span> <span class='ocrx_word' id='word_1_155' title='bbox 912 1842 999 1873; x_wconf 80' lang='lat' dir='ltr'>carta</span> <span class='ocrx_word' id='word_1_156' title='bbox 1016 1841 1217 1873; x_wconf 79' lang='lat' dir='ltr'>confirmasse</span> <span class='ocrx_word' id='word_1_157' title='bbox 1228 1853 1269 1873; x_wconf 92' lang='lat' dir='ltr'>m.</span> <span class='ocrx_word' id='word_1_158' title='bbox 1282 1842 1322 1873; x_wconf 90' lang='lat' dir='ltr'>de</span> <span class='ocrx_word' id='word_1_159' title='bbox 1334 1842 1490 1874; x_wconf 76' lang='lat' dir='ltr'>MARGAN</span> <span class='ocrx_word' id='word_1_160' title='bbox 1503 1844 1635 1876; x_wconf 85' lang='lat' dir='ltr'>consilio</span> 
     </span>
     <span class='ocr_line' id='line_1_24' title="bbox 154 1908 1635 1955; baseline 0.003 -15"><span class='ocrx_word' id='word_1_161' title='bbox 154 1912 187 1941; x_wconf 89' lang='lat' dir='ltr'>et</span> <span class='ocrx_word' id='word_1_162' title='bbox 203 1920 357 1941; x_wconf 79' lang='lat' dir='ltr'>consensu</span> <span class='ocrx_word' id='word_1_163' title='bbox 373 1909 513 1941; x_wconf 81' lang='lat' dir='ltr'>filiorum</span> <span class='ocrx_word' id='word_1_164' title='bbox 529 1920 674 1941; x_wconf 79' lang='lat' dir='ltr'>meorum</span> <span class='ocrx_word' id='word_1_165' title='bbox 691 1908 819 1941; x_wconf 73' lang='lat' dir='ltr'><strong>LEISAN</strong></span> <span class='ocrx_word' id='word_1_166' title='bbox 837 1910 987 1941; x_wconf 86' lang='lat' dir='ltr'>videlicet</span> <span class='ocrx_word' id='word_1_167' title='bbox 1005 1912 1035 1941; x_wconf 75' lang='lat' dir='ltr'>et</span> <span class='ocrx_word' id='word_1_168' title='bbox 1052 1909 1142 1941; x_wconf 78' lang='grc' dir='ltr'><strong>ΟΕΝΙ</strong></span> <span class='ocrx_word' id='word_1_169' title='bbox 1161 1913 1193 1942; x_wconf 83' lang='lat' dir='ltr'>et</span> <span class='ocrx_word' id='word_1_170' title='bbox 1209 1910 1406 1953; x_wconf 82' lang='lat' dir='ltr'>reliquorum</span> <span class='ocrx_word' id='word_1_171' title='bbox 1421 1937 1427 1943; x_wconf 89' lang='lat'><strong>.</strong></span> <span class='ocrx_word' id='word_1_172' title='bbox 1442 1916 1560 1944; x_wconf 82' lang='lat' dir='ltr'>terram</span> <span class='ocrx_word' id='word_1_173' title='bbox 1573 1925 1635 1955; x_wconf 91' lang='lat' dir='ltr'>que</span> 
     </span>
     <span class='ocr_line' id='line_1_25' title="bbox 154 1977 1634 2021; baseline 0.003 -11"><span class='ocrx_word' id='word_1_174' title='bbox 154 1978 269 2021; x_wconf 82' lang='lat' dir='ltr'>incipit</span> <span class='ocrx_word' id='word_1_175' title='bbox 287 1979 306 2010; x_wconf 72' lang='grc' dir='ltr'>ἐι</span> <span class='ocrx_word' id='word_1_176' title='bbox 322 1977 608 2021; x_wconf 74' lang='lat' dir='ltr'>P[U]LTSCATHAN</span> <span class='ocrx_word' id='word_1_177' title='bbox 625 1981 658 2010; x_wconf 81' lang='lat' dir='ltr'>et</span> <span class='ocrx_word' id='word_1_178' title='bbox 674 1979 763 2010; x_wconf 84' lang='lat' dir='ltr'>vadit</span> <span class='ocrx_word' id='word_1_179' title='bbox 779 1990 836 2020; x_wconf 86' lang='lat' dir='ltr'>per</span> <span class='ocrx_word' id='word_1_180' title='bbox 852 1978 970 2010; x_wconf 76' lang='lat' dir='ltr'>fossam</span> <span class='ocrx_word' id='word_1_181' title='bbox 987 1979 1153 2020; x_wconf 81' lang='lat' dir='ltr'>aquariam</span> <span class='ocrx_word' id='word_1_182' title='bbox 1170 1990 1270 2021; x_wconf 82' lang='lat' dir='ltr'>usque</span> <span class='ocrx_word' id='word_1_183' title='bbox 1286 1980 1327 2012; x_wconf 78' lang='lat' dir='ltr'>ad</span> <span class='ocrx_word' id='word_1_184' title='bbox 1348 1980 1467 2013; x_wconf 81' lang='lat' dir='ltr'>fossam</span> <span class='ocrx_word' id='word_1_185' title='bbox 1490 1981 1609 2014; x_wconf 64' lang='lat' dir='ltr'>SANAN</span> <span class='ocrx_word' id='word_1_186' title='bbox 1629 2009 1634 2014; x_wconf 95' lang='lat'>.</span> 
     </span>
     <span class='ocr_line' id='line_1_26' title="bbox 153 2047 1631 2091; baseline 0.003 -12"><span class='ocrx_word' id='word_1_187' title='bbox 153 2051 186 2080; x_wconf 82' lang='lat' dir='ltr'>et</span> <span class='ocrx_word' id='word_1_188' title='bbox 201 2048 277 2080; x_wconf 87' lang='lat' dir='ltr'>inde</span> <span class='ocrx_word' id='word_1_189' title='bbox 293 2059 393 2090; x_wconf 87' lang='lat' dir='ltr'>usque</span> <span class='ocrx_word' id='word_1_190' title='bbox 409 2048 450 2079; x_wconf 88' lang='lat' dir='ltr'>ad</span> <span class='ocrx_word' id='word_1_191' title='bbox 466 2047 584 2079; x_wconf 83' lang='lat' dir='ltr'>fossam</span> <span class='ocrx_word' id='word_1_192' title='bbox 608 2047 755 2079; x_wconf 65' lang='lat' dir='ltr'>Gamom</span> <span class='ocrx_word' id='word_1_193' title='bbox 776 2073 781 2079; x_wconf 84' lang='lat'><strong>.</strong></span> <span class='ocrx_word' id='word_1_194' title='bbox 800 2052 831 2079; x_wconf 89' lang='lat' dir='ltr'>et</span> <span class='ocrx_word' id='word_1_195' title='bbox 856 2048 931 2079; x_wconf 85' lang='lat' dir='ltr'>inde</span> <span class='ocrx_word' id='word_1_196' title='bbox 956 2060 1012 2090; x_wconf 85' lang='lat' dir='ltr'>per</span> <span class='ocrx_word' id='word_1_197' title='bbox 1035 2048 1132 2080; x_wconf 78' lang='lat' dir='ltr'>aliam</span> <span class='ocrx_word' id='word_1_198' title='bbox 1156 2048 1275 2080; x_wconf 85' lang='lat' dir='ltr'>fossam</span> <span class='ocrx_word' id='word_1_199' title='bbox 1299 2061 1400 2091; x_wconf 85' lang='lat' dir='ltr'>usque</span> <span class='ocrx_word' id='word_1_200' title='bbox 1423 2051 1465 2082; x_wconf 86' lang='lat' dir='ltr'>ad</span> <span class='ocrx_word' id='word_1_201' title='bbox 1488 2054 1607 2083; x_wconf 83' lang='lat' dir='ltr'>terram</span> <span class='ocrx_word' id='word_1_202' title='bbox 1625 2078 1631 2083; x_wconf 92' lang='lat'><em>.</em></span> 
     </span>
     <span class='ocr_line' id='line_1_27' title="bbox 154 2116 1635 2152; baseline 0.003 -4"><span class='ocrx_word' id='word_1_203' title='bbox 154 2116 278 2149; x_wconf 67' lang='lat' dir='ltr'>YEvAN</span> <span class='ocrx_word' id='word_1_204' title='bbox 310 2117 368 2148; x_wconf 89' lang='lat' dir='ltr'>filii</span> <span class='ocrx_word' id='word_1_205' title='bbox 393 2116 579 2148; x_wconf 76' lang='lat' dir='ltr'><strong>TATHEREC</strong></span> <span class='ocrx_word' id='word_1_206' title='bbox 599 2142 604 2147; x_wconf 95' lang='lat'>.</span> <span class='ocrx_word' id='word_1_207' title='bbox 622 2119 654 2149; x_wconf 84' lang='lat' dir='ltr'>et</span> <span class='ocrx_word' id='word_1_208' title='bbox 677 2117 753 2149; x_wconf 85' lang='lat' dir='ltr'>inde</span> <span class='ocrx_word' id='word_1_209' title='bbox 776 2117 817 2148; x_wconf 83' lang='lat' dir='ltr'>ad</span> <span class='ocrx_word' id='word_1_210' title='bbox 841 2117 927 2148; x_wconf 83' lang='lat' dir='ltr'>viam</span> <span class='ocrx_word' id='word_1_211' title='bbox 952 2116 1124 2149; x_wconf 79' lang='lat' dir='ltr'>MARCUTH</span> <span class='ocrx_word' id='word_1_212' title='bbox 1155 2143 1161 2149; x_wconf 90' lang='lat'>.</span> <span class='ocrx_word' id='word_1_213' title='bbox 1189 2121 1221 2149; x_wconf 80' lang='lat' dir='ltr'>et</span> <span class='ocrx_word' id='word_1_214' title='bbox 1242 2118 1319 2150; x_wconf 85' lang='lat' dir='ltr'>inde</span> <span class='ocrx_word' id='word_1_215' title='bbox 1341 2120 1392 2150; x_wconf 66' lang='lat' dir='ltr'>ad&gt;</span> <span class='ocrx_word' id='word_1_216' title='bbox 1408 2120 1553 2152; x_wconf 76' lang='lat' dir='ltr'>alnetum</span> <span class='ocrx_word' id='word_1_217' title='bbox 1576 2121 1635 2152; x_wconf 86' lang='lat' dir='ltr'>sub</span> 
     </span>
     <span class='ocr_line' id='line_1_28' title="bbox 154 2185 1634 2232; baseline 0.003 -15"><span class='ocrx_word' id='word_1_218' title='bbox 154 2188 264 2218; x_wconf 77' lang='lat' dir='ltr'>monte</span> <span class='ocrx_word' id='word_1_219' title='bbox 283 2211 289 2218; x_wconf 87' lang='lat'><strong>.</strong></span> <span class='ocrx_word' id='word_1_220' title='bbox 309 2188 340 2218; x_wconf 85' lang='lat' dir='ltr'>et</span> <span class='ocrx_word' id='word_1_221' title='bbox 356 2186 431 2217; x_wconf 88' lang='lat' dir='ltr'>inde</span> <span class='ocrx_word' id='word_1_222' title='bbox 447 2186 619 2218; x_wconf 83' lang='lat' dir='ltr'>revertitur</span> <span class='ocrx_word' id='word_1_223' title='bbox 635 2197 692 2228; x_wconf 88' lang='lat' dir='ltr'>per</span> <span class='ocrx_word' id='word_1_224' title='bbox 707 2185 826 2218; x_wconf 81' lang='lat' dir='ltr'>fossam</span> <span class='ocrx_word' id='word_1_225' title='bbox 842 2197 941 2227; x_wconf 86' lang='lat' dir='ltr'>quam</span> <span class='ocrx_word' id='word_1_226' title='bbox 957 2186 1106 2228; x_wconf 84' lang='lat' dir='ltr'>monachi</span> <span class='ocrx_word' id='word_1_227' title='bbox 1123 2187 1270 2219; x_wconf 83' lang='lat' dir='ltr'>fecerunt</span> <span class='ocrx_word' id='word_1_228' title='bbox 1286 2199 1343 2230; x_wconf 89' lang='lat' dir='ltr'>per</span> <span class='ocrx_word' id='word_1_229' title='bbox 1365 2188 1511 2220; x_wconf 78' lang='lat' dir='ltr'>alnetum</span> <span class='ocrx_word' id='word_1_230' title='bbox 1535 2201 1634 2232; x_wconf 90' lang='lat' dir='ltr'>usque</span> 
     </span>
    </p>
   </div>
   <div class='ocr_carea' id='block_1_11' title="bbox 154 2254 1637 2298">
    <p class='ocr_par' dir='ltr' id='par_1_14' title="bbox 154 2254 1637 2298">
     <span class='ocr_line' id='line_1_29' title="bbox 154 2254 1637 2298; baseline 0.003 -12"><span class='ocrx_word' id='word_1_231' title='bbox 154 2255 441 2298; x_wconf 65' lang='lat' dir='ltr'>P[u]mscnmm</span> <span class='ocrx_word' id='word_1_232' title='bbox 461 2281 466 2287; x_wconf 92' lang='lat'><strong><em>.</em></strong></span> <span class='ocrx_word' id='word_1_233' title='bbox 485 2266 613 2286; x_wconf 88' lang='lat' dir='ltr'>omnem</span> <span class='ocrx_word' id='word_1_234' title='bbox 642 2254 724 2286; x_wconf 83' lang='lat' dir='ltr'>hanc</span> <span class='ocrx_word' id='word_1_235' title='bbox 752 2257 870 2287; x_wconf 81' lang='lat' dir='ltr'>terram</span> <span class='ocrx_word' id='word_1_236' title='bbox 897 2259 927 2287; x_wconf 81' lang='lat' dir='ltr'>et</span> <span class='ocrx_word' id='word_1_237' title='bbox 960 2255 1114 2297; x_wconf 81' lang='lat' dir='ltr'>quicquid</span> <span class='ocrx_word' id='word_1_238' title='bbox 1142 2255 1320 2288; x_wconf 75' lang='lat' dir='ltr'>includitur</span> <span class='ocrx_word' id='word_1_239' title='bbox 1343 2257 1428 2289; x_wconf 87' lang='lat' dir='ltr'>inter</span> <span class='ocrx_word' id='word_1_240' title='bbox 1453 2257 1510 2289; x_wconf 80' lang='lat' dir='ltr'>has</span> <span class='ocrx_word' id='word_1_241' title='bbox 1535 2262 1637 2290; x_wconf 78' lang='lat' dir='ltr'>metas</span> 
     </span>
    </p>
   </div>
  </div>
 </body>
</html>
