1998 2724
375 170 438 201 <514

940 339 1198 372 DLXXXVII.

331 422 684 455 MEMORANDUM
708 421 768 454 OF
791 421 891 454 THE
914 421 1214 454 AGREEMENT
1237 421 1476 455 BETWEEN
1500 422 1599 455 THE
1623 422 1811 456 ABBEYS

441 491 501 523 OF
544 490 755 523 MARGAM
805 490 907 522 AND
956 490 1207 530 KARLYUN,
1251 491 1548 524 RESPEOTING
1590 491 1811 524 BOLGOED

441 560 544 594 AND
576 559 1042 593 HYRWEN-WURGAN.

774 641 907 684 [HARL.
934 642 1110 682 CHARTER,
1135 643 1176 674 75
1201 642 1242 674 A.
1268 642 1338 685 37.]
1674 644 1767 675 1256.

684 723 1466 756 0.0.N.P.O.S.I.C.I.O.

373 807 624 840 Memorandum
641 806 728 848 quod
743 817 829 837 anno
845 805 969 837 domini
986 811 1030 837 M⁰¹
1050 811 1105 837 cc0*
1126 812 1163 837 12⁰-
1183 809 1271 838 sexto
1287 806 1321 837 in
1339 806 1460 838 octabis
1479 806 1590 839 Sancti
1615 806 1813 839 LAURENCH

330 877 483 919 martyris
504 876 591 918 apud
615 875 757 907 CHRIS'H
780 875 973 907 EchEsJAM
999 875 1085 907 faeta
1109 878 1155 907 est
1180 875 1237 907 hec
1257 875 1364 908 finalis
1389 877 1555 908 concordia
1580 879 1613 908 et
1637 876 1814 909 amicabilis

329 947 517 989 composicio
555 947 640 978 inter
679 945 828 978 abbatem
872 948 903 977 et
946 948 1140 977 conventum
1183 947 1222 977 de
1264 945 1418 978 MARGAN
1452 958 1491 978 ex
1530 949 1620 988 parte
1651 958 1717 978 una
1745 973 1750 978 .
1780 949 1813 979 et

329 1016 479 1048 abbatem
510 1020 542 1047 et
573 1018 768 1048 conventum
796 1015 836 1046 de
868 1014 1042 1047 KARLYUN
1074 1027 1113 1046 ex
1144 1015 1245 1047 altera
1270 1041 1275 1047 .
1302 1027 1396 1058 super
1423 1016 1564 1058 quadam
1598 1016 1813 1048 controversia

329 1086 414 1118 inter
451 1086 535 1128 ipsos
573 1088 683 1117 exorta
726 1085 766 1116 de
803 1084 1024 1127 assignaeione
1059 1088 1090 1116 et
1131 1084 1327 1116 limitaeione
1369 1088 1498 1117 eentum
1541 1096 1688 1117 acrarum
1729 1087 1813 1118 terre

328 1156 447 1187 eisdem
479 1154 589 1187 abbati
612 1157 644 1186 et
676 1154 849 1186 conventui
875 1154 914 1186 de
938 1153 1111 1186 KARLYUN
1139 1179 1145 1185 .
1170 1165 1226 1196 per
1249 1157 1393 1186 tenorem
1420 1154 1580 1186 sentencie
1608 1154 1779 1187 diffinitive
1805 1181 1810 1186 .

328 1237 385 1267 per
400 1224 598 1256 venerabiles
613 1224 653 1256 de
670 1223 863 1255 Bx'IAEEWAS
887 1224 927 1255 de
944 1223 1105 1254 BRUERIA
1123 1249 1129 1254 .
1151 1226 1184 1254 et
1199 1223 1239 1254 de
1257 1222 1498 1254 KYNGEswonE
1519 1223 1650 1255 abbates
1672 1224 1811 1256 auetori-

330 1297 396 1325 tate
413 1294 547 1336 capituli
563 1293 724 1336 generalis
740 1293 824 1324 inter
840 1295 947 1335 partes
962 1292 1159 1334 judicialiter
1175 1292 1239 1324 late
1254 1292 1288 1323 in
1305 1292 1457 1335 contiguo
1479 1293 1546 1324 loeo
1566 1293 1741 1325 mansionis
1757 1305 1813 1325 sue

330 1364 369 1395 de
386 1363 573 1395 Bomown
593 1389 597 1394 .
617 1363 651 1394 in
667 1366 798 1404 pastura
815 1363 854 1394 de
872 1362 1189 1394 HYRWENWURGAN
1208 1373 1426 1394 concessarum
1441 1374 1446 1393 :
1472 1362 1620 1394 videlieet
1637 1363 1724 1404 quod.
1740 1374 1813 1395 cum

331 1445 383 1465 eas
407 1433 582 1465 secundum
607 1433 693 1474 quod
717 1431 859 1474 oportuit
882 1431 1002 1463 ibidem
1027 1431 1144 1463 habere
1175 1442 1239 1462 non
1270 1433 1420 1473 possent;
1458 1432 1625 1463 memorati
1653 1431 1751 1464 abbas
1779 1434 1812 1464 et

332 1505 508 1534 conventus
524 1503 563 1533 de
580 1501 732 1533 MARGAN
751 1512 808 1543 pro
823 1500 908 1533 bono
924 1501 1011 1543 pacis
1026 1503 1057 1532 et
1073 1500 1140 1532 litis
1155 1500 1188 1531 in
1205 1502 1369 1542 posterum
1393 1500 1555 1532 occasione
1570 1500 1715 1533 tollenda
1732 1526 1739 1532 .
1756 1512 1813 1543 pro

333 1573 492 1604 dictarum
510 1575 638 1603 eentum
657 1582 802 1603 acrarum
818 1570 1115 1612 reoompensaeione
1130 1595 1135 1601 .
1149 1569 1267 1612 viginti
1280 1580 1368 1601 aeras
1379 1572 1462 1601 terre
1474 1570 1509 1601 in
1522 1570 1674 1613 contiguo
1690 1570 1759 1602 loeo
1775 1571 1815 1603 de

336 1641 505 1674 Rssnvmx
537 1640 631 1672 dietis
662 1640 770 1672 abbati
802 1642 833 1672 et
865 1640 1037 1672 conventui
1066 1639 1105 1670 de
1132 1638 1304 1671 KERLYUN
1333 1639 1367 1670 in
1394 1650 1612 1682 quoscumque
1639 1651 1712 1672 suos
1739 1651 1815 1673 usus

335 1711 479 1754 proprios
511 1721 563 1742 eas
594 1712 777 1741 convertere
808 1709 969 1741 voluerint
996 1720 1061 1741 una
1091 1720 1163 1741 eum
1194 1708 1287 1740 dietis
1318 1708 1485 1741 mansione
1509 1720 1567 1741 sua
1591 1711 1623 1741 et
1651 1709 1744 1742 bosco
1772 1710 1812 1742 de

337 1781 523 1813 Bomosvm
541 1782 573 1811 et
590 1779 685 1811 unica
700 1780 795 1811 domo
811 1790 884 1811 cum
901 1779 1000 1810 trium
1016 1789 1162 1810 aerarum
1178 1778 1324 1810 clausura
1339 1780 1468 1810 tantum
1491 1804 1497 1810 .
1523 1779 1610 1821 apud
1626 1778 1815 1811 Esrmwss-

340 1862 451 1882 RELEH
473 1877 478 1882 .
497 1849 588 1882 nullo
611 1848 732 1881 ibidem
755 1849 904 1891 religioso
927 1848 1073 1880 manenti
1096 1848 1130 1879 in
1158 1847 1292 1879 futuro.
1311 1847 1474 1890 perpetuis
1496 1848 1693 1891 temporibus
1715 1848 1815 1881 libere

338 1920 545 1964 possidendas
560 1921 791 1951 concesserunt.
825 1918 915 1953 Quas
931 1918 1061 1960 quidem
1077 1917 1195 1960 viginti
1208 1929 1294 1949 aeras
1307 1917 1449 1949 fossandi
1463 1943 1469 1949 .
1484 1917 1655 1949 claudendi
1671 1944 1676 1948 .
1690 1929 1815 1950 necnon

340 1993 372 2022 et
387 1991 498 2021 domos
513 2000 570 2031 per
585 1988 651 2020 vim
667 1988 827 2020 sentencie
850 1987 974 2030 prefate
997 1988 1121 2019 dirutas
1143 1987 1322 2030 reerigendi
1341 2012 1346 2018 .
1365 1987 1539 2019 secundum
1557 1987 1641 2029 quod
1659 1999 1711 2019 eas
1726 1988 1816 2030 prius

340 2059 523 2092 habuerunt
540 2057 659 2089 ibidem
677 2057 702 2089 si
719 2057 899 2089 voluerint:
917 2057 1047 2099 plenam
1069 2057 1104 2089 in
1127 2059 1290 2099 posterum
1312 2056 1453 2088 habeant
1476 2056 1665 2089 facultatem
1681 2083 1688 2089 .
1705 2059 1816 2090 tenore

341 2130 486 2173 ejusdem
511 2128 670 2160 sentencie
694 2139 749 2160 seu
772 2127 1040 2171 compositionum
1070 2127 1155 2159 inter
1177 2130 1283 2169 partes
1306 2127 1521 2159 confectarum
1546 2153 1552 2159 .
1579 2139 1644 2160 non
1668 2127 1815 2161 obstante

339 2199 562 2241 aliquatenens
577 2197 611 2228 in
628 2196 687 2228 hac
703 2199 803 2239 parte.
851 2195 904 2228 Ita
920 2198 1028 2228 tamen
1052 2196 1138 2238 quod
1161 2195 1259 2228 abbas
1274 2198 1306 2228 et
1321 2198 1497 2228 conventus
1512 2197 1552 2228 de
1569 2195 1723 2228 MARGAN
1747 2198 1815 2229 toto

334 2268 461 2300 residuo
492 2267 574 2298 dicte
599 2266 778 2297 eommunis
803 2268 932 2307 pasture
960 2265 1000 2297 de
1032 2264 1346 2297 HYRWENWURGAN
1378 2264 1465 2296 omni
1496 2267 1638 2307 tempore
1669 2265 1746 2298 anni
1776 2266 1811 2298 in
