<?xml version="1.0" encoding="UTF-8"?>
<!DOCTYPE html PUBLIC "-//W3C//DTD XHTML 1.0 Transitional//EN"
    "http://www.w3.org/TR/xhtml1/DTD/xhtml1-transitional.dtd">
<html xmlns="http://www.w3.org/1999/xhtml" xml:lang="en" lang="en">
 <head>
  <title>
</title>
<meta http-equiv="Content-Type" content="text/html;charset=utf-8" />
  <meta name='ocr-system' content='tesseract 3.04.00' />
  <meta name='ocr-capabilities' content='ocr_page ocr_carea ocr_par ocr_line ocrx_word'/>
</head>
<body>
  <div class='ocr_page' id='page_1' title='image "./cartaeetaliamuni02claruoft_0418.png"; bbox 0 0 1998 2724; ppageno 0'>
   <div class='ocr_carea' id='block_1_1' title="bbox 398 163 461 193">
    <p class='ocr_par' dir='ltr' id='par_1_1' title="bbox 398 163 461 193">
     <span class='ocr_line' id='line_1_1' title="bbox 398 163 461 193; baseline 0 0"><span class='ocrx_word' id='word_1_1' title='bbox 398 163 461 193; x_wconf 85' lang='lat'>634</span> 
     </span>
    </p>
   </div>
   <div class='ocr_carea' id='block_1_2' title="bbox 342 313 1835 2232">
    <p class='ocr_par' dir='ltr' id='par_1_2' title="bbox 342 313 1835 2232">
     <span class='ocr_line' id='line_1_2' title="bbox 351 313 1835 360; baseline -0.005 -7"><span class='ocrx_word' id='word_1_2' title='bbox 351 321 499 354; x_wconf 87' lang='lat' dir='ltr'>retinere.</span> <span class='ocrx_word' id='word_1_3' title='bbox 545 319 759 352; x_wconf 88' lang='lat' dir='ltr'>Prohibemus</span> <span class='ocrx_word' id='word_1_4' title='bbox 773 318 905 360; x_wconf 82' lang='lat' dir='ltr'><strong>insuper</strong></span> <span class='ocrx_word' id='word_1_5' title='bbox 921 320 957 349; x_wconf 88' lang='lat' dir='ltr'>ut</span> <span class='ocrx_word' id='word_1_6' title='bbox 978 316 1062 348; x_wconf 72' lang='lat' dir='ltr'>nulli</span> <span class='ocrx_word' id='word_1_7' title='bbox 1077 316 1218 348; x_wconf 76' lang='lat' dir='ltr'><strong>fratrum</strong></span> <span class='ocrx_word' id='word_1_8' title='bbox 1240 320 1419 348; x_wconf 81' lang='lat' dir='ltr'>vestrorum</span> <span class='ocrx_word' id='word_1_9' title='bbox 1434 318 1507 358; x_wconf 88' lang='lat' dir='ltr'>post</span> <span class='ocrx_word' id='word_1_10' title='bbox 1522 314 1642 346; x_wconf 85' lang='lat' dir='ltr'>factam</span> <span class='ocrx_word' id='word_1_11' title='bbox 1658 313 1693 345; x_wconf 90' lang='lat' dir='ltr'>in</span> <span class='ocrx_word' id='word_1_12' title='bbox 1708 324 1835 346; x_wconf 82' lang='lat' dir='ltr'>monas-</span> 
     </span>
     <span class='ocr_line' id='line_1_3' title="bbox 350 383 1832 432; baseline -0.005 -10"><span class='ocrx_word' id='word_1_13' title='bbox 350 391 430 423; x_wconf 84' lang='lat' dir='ltr'>terio</span> <span class='ocrx_word' id='word_1_14' title='bbox 446 392 552 422; x_wconf 83' lang='lat' dir='ltr'>vestro</span> <span class='ocrx_word' id='word_1_15' title='bbox 567 388 796 432; x_wconf 81' lang='lat' dir='ltr'>professionem</span> <span class='ocrx_word' id='word_1_16' title='bbox 812 387 862 419; x_wconf 85' lang='lat' dir='ltr'>fas</span> <span class='ocrx_word' id='word_1_17' title='bbox 878 387 919 419; x_wconf 86' lang='lat' dir='ltr'>sit</span> <span class='ocrx_word' id='word_1_18' title='bbox 935 387 1003 418; x_wconf 87' lang='lat' dir='ltr'>sine</span> <span class='ocrx_word' id='word_1_19' title='bbox 1020 385 1146 418; x_wconf 84' lang='lat' dir='ltr'>abbatis</span> <span class='ocrx_word' id='word_1_20' title='bbox 1163 385 1212 417; x_wconf 90' lang='lat' dir='ltr'>sui</span> <span class='ocrx_word' id='word_1_21' title='bbox 1229 384 1360 417; x_wconf 82' lang='lat' dir='ltr'>licentia</span> <span class='ocrx_word' id='word_1_22' title='bbox 1375 385 1416 417; x_wconf 88' lang='lat' dir='ltr'>de</span> <span class='ocrx_word' id='word_1_23' title='bbox 1437 385 1549 417; x_wconf 85' lang='lat' dir='ltr'>eodem</span> <span class='ocrx_word' id='word_1_24' title='bbox 1565 383 1633 415; x_wconf 90' lang='lat' dir='ltr'>loco</span> <span class='ocrx_word' id='word_1_25' title='bbox 1649 383 1810 415; x_wconf 80' lang='lat' dir='ltr'>discedere</span> <span class='ocrx_word' id='word_1_26' title='bbox 1827 409 1832 414; x_wconf 97' lang='lat'>.</span> 
     </span>
     <span class='ocr_line' id='line_1_4' title="bbox 349 451 1835 499; baseline -0.006 -7"><span class='ocrx_word' id='word_1_27' title='bbox 349 460 567 493; x_wconf 76' lang='lat' dir='ltr'>discedentem</span> <span class='ocrx_word' id='word_1_28' title='bbox 582 469 656 490; x_wconf 87' lang='lat' dir='ltr'>vero</span> <span class='ocrx_word' id='word_1_29' title='bbox 672 457 792 499; x_wconf 77' lang='lat' dir='ltr'>absque</span> <span class='ocrx_word' id='word_1_30' title='bbox 808 456 1027 488; x_wconf 89' lang='lat' dir='ltr'>communium</span> <span class='ocrx_word' id='word_1_31' title='bbox 1041 455 1224 487; x_wconf 83' lang='lat' dir='ltr'>litterarum</span> <span class='ocrx_word' id='word_1_32' title='bbox 1241 456 1419 486; x_wconf 81' lang='lat' dir='ltr'>vestrarum</span> <span class='ocrx_word' id='word_1_33' title='bbox 1435 453 1583 486; x_wconf 73' lang='lat' dir='ltr'>cautione</span> <span class='ocrx_word' id='word_1_34' title='bbox 1594 452 1704 484; x_wconf 86' lang='lat' dir='ltr'>nullus</span> <span class='ocrx_word' id='word_1_35' title='bbox 1716 451 1835 483; x_wconf 78' lang='lat' dir='ltr'>audeat</span> 
     </span>
     <span class='ocr_line' id='line_1_5' title="bbox 348 521 1835 569; baseline -0.007 -7"><span class='ocrx_word' id='word_1_36' title='bbox 348 530 494 562; x_wconf 87' lang='lat' dir='ltr'>retinere.</span> <span class='ocrx_word' id='word_1_37' title='bbox 543 528 639 563; x_wconf 80' lang='lat' dir='ltr'>Quod</span> <span class='ocrx_word' id='word_1_38' title='bbox 663 527 689 559; x_wconf 90' lang='lat' dir='ltr'>si</span> <span class='ocrx_word' id='word_1_39' title='bbox 712 526 784 569; x_wconf 87' lang='lat' dir='ltr'>quis</span> <span class='ocrx_word' id='word_1_40' title='bbox 807 526 890 558; x_wconf 85' lang='lat' dir='ltr'>forte</span> <span class='ocrx_word' id='word_1_41' title='bbox 913 525 1052 557; x_wconf 89' lang='lat' dir='ltr'>retinere</span> <span class='ocrx_word' id='word_1_42' title='bbox 1075 524 1305 567; x_wconf 69' lang='lat' dir='ltr'>presumpserit</span> <span class='ocrx_word' id='word_1_43' title='bbox 1333 549 1339 555; x_wconf 91' lang='lat'><strong>.</strong></span> <span class='ocrx_word' id='word_1_44' title='bbox 1365 523 1491 556; x_wconf 85' lang='lat' dir='ltr'>licitum</span> <span class='ocrx_word' id='word_1_45' title='bbox 1522 522 1612 555; x_wconf 83' lang='lat' dir='ltr'>vobis</span> <span class='ocrx_word' id='word_1_46' title='bbox 1634 521 1675 553; x_wconf 90' lang='lat' dir='ltr'>sit</span> <span class='ocrx_word' id='word_1_47' title='bbox 1695 521 1730 553; x_wconf 92' lang='lat' dir='ltr'>in</span> <span class='ocrx_word' id='word_1_48' title='bbox 1750 521 1835 563; x_wconf 81' lang='lat' dir='ltr'>ipsos</span> 
     </span>
     <span class='ocr_line' id='line_1_6' title="bbox 347 590 1834 638; baseline -0.006 -7"><span class='ocrx_word' id='word_1_49' title='bbox 347 598 520 632; x_wconf 84' lang='lat' dir='ltr'>monachos</span> <span class='ocrx_word' id='word_1_50' title='bbox 550 597 602 630; x_wconf 87' lang='lat' dir='ltr'>vel</span> <span class='ocrx_word' id='word_1_51' title='bbox 633 607 799 629; x_wconf 85' lang='lat' dir='ltr'>conversos</span> <span class='ocrx_word' id='word_1_52' title='bbox 825 595 1008 638; x_wconf 81' lang='lat' dir='ltr'>regularem</span> <span class='ocrx_word' id='word_1_53' title='bbox 1040 593 1236 626; x_wconf 87' lang='lat' dir='ltr'>sententiam</span> <span class='ocrx_word' id='word_1_54' title='bbox 1267 592 1482 636; x_wconf 85' lang='lat' dir='ltr'>promulgare.</span> <span class='ocrx_word' id='word_1_55' title='bbox 1540 591 1631 624; x_wconf 80' lang='lat' dir='ltr'>Illud</span> <span class='ocrx_word' id='word_1_56' title='bbox 1659 590 1834 623; x_wconf 87' lang='lat' dir='ltr'>districtius</span> 
     </span>
     <span class='ocr_line' id='line_1_7' title="bbox 345 659 1833 706; baseline -0.007 -5"><span class='ocrx_word' id='word_1_57' title='bbox 345 667 530 701; x_wconf 75' lang='lat' dir='ltr'>inhibentes</span> <span class='ocrx_word' id='word_1_58' title='bbox 555 693 561 698; x_wconf 93' lang='lat'><em>.</em></span> <span class='ocrx_word' id='word_1_59' title='bbox 586 678 627 699; x_wconf 88' lang='lat' dir='ltr'>ne</span> <span class='ocrx_word' id='word_1_60' title='bbox 650 668 751 698; x_wconf 81' lang='lat' dir='ltr'>terras</span> <span class='ocrx_word' id='word_1_61' title='bbox 776 677 831 697; x_wconf 86' lang='lat' dir='ltr'>seu</span> <span class='ocrx_word' id='word_1_62' title='bbox 862 663 1029 706; x_wconf 79' lang='lat' dir='ltr'>quodlibet</span> <span class='ocrx_word' id='word_1_63' title='bbox 1054 662 1247 695; x_wconf 89' lang='lat' dir='ltr'>beneficium</span> <span class='ocrx_word' id='word_1_64' title='bbox 1276 662 1405 695; x_wconf 74' lang='lat' dir='ltr'>ecclesie</span> <span class='ocrx_word' id='word_1_65' title='bbox 1429 663 1533 693; x_wconf 85' lang='lat' dir='ltr'>vestre</span> <span class='ocrx_word' id='word_1_66' title='bbox 1558 660 1711 692; x_wconf 84' lang='lat' dir='ltr'>collatum</span> <span class='ocrx_word' id='word_1_67' title='bbox 1737 659 1833 691; x_wconf 84' lang='lat' dir='ltr'>liceat</span> 
     </span>
     <span class='ocr_line' id='line_1_8' title="bbox 344 728 1829 779; baseline -0.007 -9"><span class='ocrx_word' id='word_1_68' title='bbox 344 737 441 770; x_wconf 84' lang='lat' dir='ltr'>alioui</span> <span class='ocrx_word' id='word_1_69' title='bbox 456 735 667 779; x_wconf 80' lang='lat' dir='ltr'>personaliter</span> <span class='ocrx_word' id='word_1_70' title='bbox 682 734 752 766; x_wconf 84' lang='lat' dir='ltr'>dari</span> <span class='ocrx_word' id='word_1_71' title='bbox 769 734 834 765; x_wconf 85' lang='lat' dir='ltr'>sive</span> <span class='ocrx_word' id='word_1_72' title='bbox 851 733 914 765; x_wconf 80' lang='lat' dir='ltr'>alio</span> <span class='ocrx_word' id='word_1_73' title='bbox 929 733 1025 765; x_wconf 87' lang='lat' dir='ltr'>modo</span> <span class='ocrx_word' id='word_1_74' title='bbox 1049 731 1184 764; x_wconf 84' lang='lat' dir='ltr'>alienari</span> <span class='ocrx_word' id='word_1_75' title='bbox 1211 758 1217 764; x_wconf 95' lang='lat'>.</span> <span class='ocrx_word' id='word_1_76' title='bbox 1242 731 1362 774; x_wconf 84' lang='lat' dir='ltr'>absque</span> <span class='ocrx_word' id='word_1_77' title='bbox 1378 741 1534 763; x_wconf 88' lang='lat' dir='ltr'>consensu</span> <span class='ocrx_word' id='word_1_78' title='bbox 1549 729 1649 762; x_wconf 88' lang='lat' dir='ltr'>totius</span> <span class='ocrx_word' id='word_1_79' title='bbox 1664 728 1798 771; x_wconf 84' lang='lat' dir='ltr'>capituli</span> <span class='ocrx_word' id='word_1_80' title='bbox 1822 754 1829 760; x_wconf 87' lang='lat'>.</span> 
     </span>
     <span class='ocr_line' id='line_1_9' title="bbox 346 798 1832 849; baseline -0.007 -10"><span class='ocrx_word' id='word_1_81' title='bbox 346 807 397 839; x_wconf 87' lang='lat' dir='ltr'>vel</span> <span class='ocrx_word' id='word_1_82' title='bbox 419 805 553 849; x_wconf 83' lang='lat' dir='ltr'>majoris</span> <span class='ocrx_word' id='word_1_83' title='bbox 577 806 634 837; x_wconf 85' lang='lat' dir='ltr'>aut</span> <span class='ocrx_word' id='word_1_84' title='bbox 657 803 791 836; x_wconf 86' lang='lat' dir='ltr'>sanioris</span> <span class='ocrx_word' id='word_1_85' title='bbox 812 802 913 845; x_wconf 80' lang='lat' dir='ltr'>partis</span> <span class='ocrx_word' id='word_1_86' title='bbox 935 802 1046 844; x_wconf 85' lang='lat' dir='ltr'>ipsius.</span> <span class='ocrx_word' id='word_1_87' title='bbox 1093 800 1129 833; x_wconf 82' lang='lat' dir='ltr'>Si</span> <span class='ocrx_word' id='word_1_88' title='bbox 1154 812 1216 843; x_wconf 90' lang='lat' dir='ltr'>que</span> <span class='ocrx_word' id='word_1_89' title='bbox 1240 812 1315 833; x_wconf 87' lang='lat' dir='ltr'>vero</span> <span class='ocrx_word' id='word_1_90' title='bbox 1336 800 1526 833; x_wconf 81' lang='lat' dir='ltr'>donationes</span> <span class='ocrx_word' id='word_1_91' title='bbox 1544 800 1602 831; x_wconf 84' lang='lat' dir='ltr'>aut</span> <span class='ocrx_word' id='word_1_92' title='bbox 1622 798 1832 830; x_wconf 79' lang='lat' dir='ltr'>alienationes</span> 
     </span>
     <span class='ocr_line' id='line_1_10' title="bbox 345 867 1833 918; baseline -0.006 -10"><span class='ocrx_word' id='word_1_93' title='bbox 345 876 439 909; x_wconf 84' lang='lat' dir='ltr'>aliter</span> <span class='ocrx_word' id='word_1_94' title='bbox 458 886 555 918; x_wconf 83' lang='lat' dir='ltr'>quam</span> <span class='ocrx_word' id='word_1_95' title='bbox 576 874 699 906; x_wconf 82' lang='lat' dir='ltr'>dictum</span> <span class='ocrx_word' id='word_1_96' title='bbox 722 876 769 905; x_wconf 89' lang='lat' dir='ltr'>est</span> <span class='ocrx_word' id='word_1_97' title='bbox 788 872 874 905; x_wconf 81' lang='lat' dir='ltr'>facte</span> <span class='ocrx_word' id='word_1_98' title='bbox 898 872 1022 904; x_wconf 88' lang='lat' dir='ltr'>fuerint</span> <span class='ocrx_word' id='word_1_99' title='bbox 1041 897 1047 903; x_wconf 89' lang='lat'>.</span> <span class='ocrx_word' id='word_1_100' title='bbox 1066 882 1118 903; x_wconf 81' lang='lat' dir='ltr'>eas</span> <span class='ocrx_word' id='word_1_101' title='bbox 1138 871 1245 903; x_wconf 84' lang='lat' dir='ltr'>irritas</span> <span class='ocrx_word' id='word_1_102' title='bbox 1267 882 1333 903; x_wconf 90' lang='lat' dir='ltr'>esse</span> <span class='ocrx_word' id='word_1_103' title='bbox 1356 881 1530 903; x_wconf 86' lang='lat' dir='ltr'>censemus.</span> <span class='ocrx_word' id='word_1_104' title='bbox 1578 869 1634 901; x_wconf 90' lang='lat' dir='ltr'>Ad</span> <span class='ocrx_word' id='word_1_105' title='bbox 1655 868 1714 900; x_wconf 90' lang='lat' dir='ltr'>hec</span> <span class='ocrx_word' id='word_1_106' title='bbox 1734 867 1833 900; x_wconf 86' lang='lat' dir='ltr'>etiam</span> 
     </span>
     <span class='ocr_line' id='line_1_11' title="bbox 343 938 1832 989; baseline -0.006 -11"><span class='ocrx_word' id='word_1_107' title='bbox 343 945 551 989; x_wconf 86' lang='lat' dir='ltr'>prohibemus</span> <span class='ocrx_word' id='word_1_108' title='bbox 576 970 582 976; x_wconf 94' lang='lat'>.</span> <span class='ocrx_word' id='word_1_109' title='bbox 606 955 647 976; x_wconf 92' lang='lat' dir='ltr'>ne</span> <span class='ocrx_word' id='word_1_110' title='bbox 667 943 785 986; x_wconf 87' lang='lat' dir='ltr'>aliquis</span> <span class='ocrx_word' id='word_1_111' title='bbox 810 941 985 974; x_wconf 65' lang='lat' dir='ltr'>monachus</span> <span class='ocrx_word' id='word_1_112' title='bbox 1009 941 1075 974; x_wconf 88' lang='lat' dir='ltr'>sive</span> <span class='ocrx_word' id='word_1_113' title='bbox 1102 952 1274 973; x_wconf 87' lang='lat' dir='ltr'>conversus</span> <span class='ocrx_word' id='word_1_114' title='bbox 1298 940 1356 972; x_wconf 89' lang='lat' dir='ltr'>sub</span> <span class='ocrx_word' id='word_1_115' title='bbox 1377 939 1574 982; x_wconf 81' lang='lat' dir='ltr'>professione</span> <span class='ocrx_word' id='word_1_116' title='bbox 1595 940 1698 970; x_wconf 85' lang='lat' dir='ltr'>vestre</span> <span class='ocrx_word' id='word_1_117' title='bbox 1717 938 1832 970; x_wconf 86' lang='lat' dir='ltr'>domus</span> 
     </span>
     <span class='ocr_line' id='line_1_12' title="bbox 344 1007 1831 1052; baseline -0.006 -4"><span class='ocrx_word' id='word_1_118' title='bbox 344 1016 492 1048; x_wconf 87' lang='lat' dir='ltr'>astrictus</span> <span class='ocrx_word' id='word_1_119' title='bbox 516 1015 584 1047; x_wconf 88' lang='lat' dir='ltr'>sine</span> <span class='ocrx_word' id='word_1_120' title='bbox 608 1024 763 1046; x_wconf 86' lang='lat' dir='ltr'>consensu</span> <span class='ocrx_word' id='word_1_121' title='bbox 789 1015 821 1044; x_wconf 88' lang='lat' dir='ltr'>et</span> <span class='ocrx_word' id='word_1_122' title='bbox 844 1011 975 1043; x_wconf 83' lang='lat' dir='ltr'>licentia</span> <span class='ocrx_word' id='word_1_123' title='bbox 998 1010 1124 1043; x_wconf 83' lang='lat' dir='ltr'>abbatis</span> <span class='ocrx_word' id='word_1_124' title='bbox 1150 1012 1183 1042; x_wconf 89' lang='lat' dir='ltr'>et</span> <span class='ocrx_word' id='word_1_125' title='bbox 1206 1009 1340 1052; x_wconf 79' lang='lat' dir='ltr'>majoris</span> <span class='ocrx_word' id='word_1_126' title='bbox 1368 1009 1470 1052; x_wconf 85' lang='lat' dir='ltr'>partis</span> <span class='ocrx_word' id='word_1_127' title='bbox 1494 1008 1629 1051; x_wconf 83' lang='lat' dir='ltr'>capituli</span> <span class='ocrx_word' id='word_1_128' title='bbox 1652 1007 1751 1040; x_wconf 85' lang='lat' dir='ltr'>vestri</span> <span class='ocrx_word' id='word_1_129' title='bbox 1774 1017 1831 1049; x_wconf 91' lang='lat' dir='ltr'>pro</span> 
     </span>
     <span class='ocr_line' id='line_1_13' title="bbox 343 1075 1829 1128; baseline -0.006 -11"><span class='ocrx_word' id='word_1_130' title='bbox 343 1086 451 1128; x_wconf 84' lang='lat' dir='ltr'>aliquo</span> <span class='ocrx_word' id='word_1_131' title='bbox 473 1083 649 1127; x_wconf 81' lang='lat' dir='ltr'>fidejubeat</span> <span class='ocrx_word' id='word_1_132' title='bbox 667 1083 717 1115; x_wconf 85' lang='lat' dir='ltr'>vel</span> <span class='ocrx_word' id='word_1_133' title='bbox 733 1082 774 1114; x_wconf 87' lang='lat' dir='ltr'>ab</span> <span class='ocrx_word' id='word_1_134' title='bbox 798 1082 906 1124; x_wconf 87' lang='lat' dir='ltr'>aliquo</span> <span class='ocrx_word' id='word_1_135' title='bbox 928 1080 1099 1123; x_wconf 86' lang='lat' dir='ltr'>pecuniam</span> <span class='ocrx_word' id='word_1_136' title='bbox 1123 1081 1237 1112; x_wconf 91' lang='lat' dir='ltr'>mutuo</span> <span class='ocrx_word' id='word_1_137' title='bbox 1260 1079 1396 1121; x_wconf 82' lang='lat' dir='ltr'>accipiat</span> <span class='ocrx_word' id='word_1_138' title='bbox 1414 1078 1502 1110; x_wconf 84' lang='lat' dir='ltr'>ultra</span> <span class='ocrx_word' id='word_1_139' title='bbox 1520 1088 1680 1110; x_wconf 83' lang='lat' dir='ltr'>summam</span> <span class='ocrx_word' id='word_1_140' title='bbox 1696 1075 1829 1119; x_wconf 82' lang='lat' dir='ltr'>capituli</span> 
     </span>
     <span class='ocr_line' id='line_1_14' title="bbox 343 1146 1828 1197; baseline -0.007 -10"><span class='ocrx_word' id='word_1_141' title='bbox 343 1155 440 1187; x_wconf 84' lang='lat' dir='ltr'>vestri</span> <span class='ocrx_word' id='word_1_142' title='bbox 454 1153 657 1197; x_wconf 81' lang='lat' dir='ltr'>providentia</span> <span class='ocrx_word' id='word_1_143' title='bbox 673 1151 882 1185; x_wconf 77' lang='lat' dir='ltr'>constitutam</span> <span class='ocrx_word' id='word_1_144' title='bbox 901 1176 907 1182; x_wconf 86' lang='lat'><strong>.</strong></span> <span class='ocrx_word' id='word_1_145' title='bbox 925 1150 988 1182; x_wconf 86' lang='lat' dir='ltr'>nisi</span> <span class='ocrx_word' id='word_1_146' title='bbox 1003 1151 1135 1193; x_wconf 89' lang='lat' dir='ltr'>propter</span> <span class='ocrx_word' id='word_1_147' title='bbox 1155 1148 1363 1181; x_wconf 81' lang='lat' dir='ltr'>manifestam</span> <span class='ocrx_word' id='word_1_148' title='bbox 1386 1149 1501 1180; x_wconf 89' lang='lat' dir='ltr'>domus</span> <span class='ocrx_word' id='word_1_149' title='bbox 1516 1149 1620 1179; x_wconf 86' lang='lat' dir='ltr'>vestre</span> <span class='ocrx_word' id='word_1_150' title='bbox 1642 1146 1828 1178; x_wconf 84' lang='lat' dir='ltr'>utilitatem.</span> 
     </span>
     <span class='ocr_line' id='line_1_15' title="bbox 345 1216 1829 1263; baseline -0.006 -7"><span class='ocrx_word' id='word_1_151' title='bbox 345 1225 442 1260; x_wconf 77' lang='lat' dir='ltr'>Quod</span> <span class='ocrx_word' id='word_1_152' title='bbox 463 1223 489 1255; x_wconf 86' lang='lat' dir='ltr'>si</span> <span class='ocrx_word' id='word_1_153' title='bbox 507 1223 613 1255; x_wconf 82' lang='lat' dir='ltr'>facere</span> <span class='ocrx_word' id='word_1_154' title='bbox 633 1222 717 1254; x_wconf 89' lang='lat' dir='ltr'>forte</span> <span class='ocrx_word' id='word_1_155' title='bbox 736 1220 966 1263; x_wconf 80' lang='lat' dir='ltr'>presumpserit</span> <span class='ocrx_word' id='word_1_156' title='bbox 992 1245 998 1251; x_wconf 92' lang='lat'><strong>.</strong></span> <span class='ocrx_word' id='word_1_157' title='bbox 1022 1230 1086 1251; x_wconf 93' lang='lat' dir='ltr'>non</span> <span class='ocrx_word' id='word_1_158' title='bbox 1109 1220 1259 1251; x_wconf 82' lang='lat' dir='ltr'>teneatur</span> <span class='ocrx_word' id='word_1_159' title='bbox 1275 1219 1451 1250; x_wconf 85' lang='lat' dir='ltr'>conventus</span> <span class='ocrx_word' id='word_1_160' title='bbox 1472 1228 1531 1259; x_wconf 90' lang='lat' dir='ltr'>pro</span> <span class='ocrx_word' id='word_1_161' title='bbox 1546 1216 1610 1249; x_wconf 85' lang='lat' dir='ltr'>hiis</span> <span class='ocrx_word' id='word_1_162' title='bbox 1625 1216 1829 1258; x_wconf 80' lang='lat' dir='ltr'>aliquatenus</span> 
     </span>
     <span class='ocr_line' id='line_1_16' title="bbox 342 1285 1831 1336; baseline -0.007 -10"><span class='ocrx_word' id='word_1_163' title='bbox 342 1294 543 1336; x_wconf 77' lang='lat' dir='ltr'>respondere.</span> <span class='ocrx_word' id='word_1_164' title='bbox 589 1291 734 1324; x_wconf 90' lang='lat' dir='ltr'>Licitum</span> <span class='ocrx_word' id='word_1_165' title='bbox 760 1292 905 1333; x_wconf 86' lang='lat' dir='ltr'>preterea</span> <span class='ocrx_word' id='word_1_166' title='bbox 933 1290 976 1322; x_wconf 90' lang='lat' dir='ltr'>sit</span> <span class='ocrx_word' id='word_1_167' title='bbox 1000 1288 1090 1321; x_wconf 87' lang='lat' dir='ltr'>vobis</span> <span class='ocrx_word' id='word_1_168' title='bbox 1117 1288 1152 1320; x_wconf 86' lang='lat' dir='ltr'>in</span> <span class='ocrx_word' id='word_1_169' title='bbox 1184 1288 1286 1320; x_wconf 84' lang='lat' dir='ltr'>causis</span> <span class='ocrx_word' id='word_1_170' title='bbox 1316 1287 1453 1329; x_wconf 86' lang='lat' dir='ltr'>propriis</span> <span class='ocrx_word' id='word_1_171' title='bbox 1480 1312 1485 1319; x_wconf 94' lang='lat'><strong>.</strong></span> <span class='ocrx_word' id='word_1_172' title='bbox 1513 1286 1580 1318; x_wconf 88' lang='lat' dir='ltr'>sive</span> <span class='ocrx_word' id='word_1_173' title='bbox 1607 1285 1733 1318; x_wconf 86' lang='lat' dir='ltr'>civilem</span> <span class='ocrx_word' id='word_1_174' title='bbox 1765 1285 1831 1317; x_wconf 86' lang='lat' dir='ltr'>sive</span> 
     </span>
     <span class='ocr_line' id='line_1_17' title="bbox 343 1354 1829 1402; baseline -0.007 -7"><span class='ocrx_word' id='word_1_175' title='bbox 343 1362 543 1396; x_wconf 82' lang='lat' dir='ltr'>criminalem</span> <span class='ocrx_word' id='word_1_176' title='bbox 568 1361 755 1394; x_wconf 76' lang='lat' dir='ltr'>contineant</span> <span class='ocrx_word' id='word_1_177' title='bbox 781 1359 982 1402; x_wconf 85' lang='lat' dir='ltr'>questionem</span> <span class='ocrx_word' id='word_1_178' title='bbox 1012 1385 1017 1390; x_wconf 92' lang='lat'><em>.</em></span> <span class='ocrx_word' id='word_1_179' title='bbox 1046 1358 1186 1390; x_wconf 78' lang='lat' dir='ltr'>fratrum</span> <span class='ocrx_word' id='word_1_180' title='bbox 1214 1359 1392 1389; x_wconf 86' lang='lat' dir='ltr'>vestrorum</span> <span class='ocrx_word' id='word_1_181' title='bbox 1417 1355 1611 1388; x_wconf 86' lang='lat' dir='ltr'>testimoniis</span> <span class='ocrx_word' id='word_1_182' title='bbox 1634 1354 1684 1387; x_wconf 91' lang='lat' dir='ltr'>uti</span> <span class='ocrx_word' id='word_1_183' title='bbox 1706 1365 1748 1386; x_wconf 91' lang='lat' dir='ltr'>ne</span> <span class='ocrx_word' id='word_1_184' title='bbox 1771 1364 1829 1396; x_wconf 89' lang='lat' dir='ltr'>pro</span> 
     </span>
     <span class='ocr_line' id='line_1_18' title="bbox 343 1423 1831 1473; baseline -0.007 -8"><span class='ocrx_word' id='word_1_185' title='bbox 343 1432 472 1465; x_wconf 83' lang='lat' dir='ltr'>defectu</span> <span class='ocrx_word' id='word_1_186' title='bbox 488 1431 620 1464; x_wconf 89' lang='lat' dir='ltr'>testium</span> <span class='ocrx_word' id='word_1_187' title='bbox 636 1430 689 1473; x_wconf 85' lang='lat' dir='ltr'>jus</span> <span class='ocrx_word' id='word_1_188' title='bbox 706 1431 851 1461; x_wconf 83' lang='lat' dir='ltr'>vestrum</span> <span class='ocrx_word' id='word_1_189' title='bbox 867 1428 901 1460; x_wconf 87' lang='lat' dir='ltr'>in</span> <span class='ocrx_word' id='word_1_190' title='bbox 919 1428 1026 1470; x_wconf 86' lang='lat' dir='ltr'>aliquo</span> <span class='ocrx_word' id='word_1_191' title='bbox 1043 1427 1149 1459; x_wconf 85' lang='lat' dir='ltr'>valeat</span> <span class='ocrx_word' id='word_1_192' title='bbox 1171 1426 1324 1468; x_wconf 89' lang='lat' dir='ltr'>deperire.</span> <span class='ocrx_word' id='word_1_193' title='bbox 1372 1424 1512 1467; x_wconf 85' lang='lat' dir='ltr'>Insuper</span> <span class='ocrx_word' id='word_1_194' title='bbox 1528 1423 1718 1456; x_wconf 87' lang='lat' dir='ltr'>auctoritate</span> <span class='ocrx_word' id='word_1_195' title='bbox 1739 1434 1831 1465; x_wconf 86' lang='lat' dir='ltr'>apos-</span> 
     </span>
     <span class='ocr_line' id='line_1_19' title="bbox 343 1492 1830 1543; baseline -0.007 -9"><span class='ocrx_word' id='word_1_196' title='bbox 343 1502 439 1534; x_wconf 83' lang='lat' dir='ltr'>tolica</span> <span class='ocrx_word' id='word_1_197' title='bbox 459 1500 666 1543; x_wconf 84' lang='lat' dir='ltr'>prohibemus</span> <span class='ocrx_word' id='word_1_198' title='bbox 687 1525 692 1530; x_wconf 95' lang='lat'>.</span> <span class='ocrx_word' id='word_1_199' title='bbox 716 1510 757 1530; x_wconf 88' lang='lat' dir='ltr'>ne</span> <span class='ocrx_word' id='word_1_200' title='bbox 776 1498 863 1529; x_wconf 93' lang='lat' dir='ltr'>ullus</span> <span class='ocrx_word' id='word_1_201' title='bbox 886 1498 1052 1539; x_wconf 82' lang='lat' dir='ltr'>episeopus</span> <span class='ocrx_word' id='word_1_202' title='bbox 1070 1496 1121 1528; x_wconf 86' lang='lat' dir='ltr'>vel</span> <span class='ocrx_word' id='word_1_203' title='bbox 1146 1495 1289 1537; x_wconf 89' lang='lat' dir='ltr'>quelibet</span> <span class='ocrx_word' id='word_1_204' title='bbox 1308 1495 1372 1526; x_wconf 88' lang='lat' dir='ltr'>alia</span> <span class='ocrx_word' id='word_1_205' title='bbox 1394 1505 1530 1536; x_wconf 83' lang='lat' dir='ltr'>persona</span> <span class='ocrx_word' id='word_1_206' title='bbox 1555 1493 1596 1525; x_wconf 83' lang='lat' dir='ltr'>ad</span> <span class='ocrx_word' id='word_1_207' title='bbox 1617 1493 1756 1535; x_wconf 85' lang='lat' dir='ltr'>synodos</span> <span class='ocrx_word' id='word_1_208' title='bbox 1779 1492 1830 1523; x_wconf 89' lang='lat' dir='ltr'>vel</span> 
     </span>
     <span class='ocr_line' id='line_1_20' title="bbox 344 1561 1830 1609; baseline -0.007 -5"><span class='ocrx_word' id='word_1_209' title='bbox 344 1572 520 1603; x_wconf 84' lang='lat' dir='ltr'>conventus</span> <span class='ocrx_word' id='word_1_210' title='bbox 544 1569 686 1601; x_wconf 79' lang='lat' dir='ltr'>forenses</span> <span class='ocrx_word' id='word_1_211' title='bbox 702 1579 757 1599; x_wconf 75' lang='lat' dir='ltr'>vos</span> <span class='ocrx_word' id='word_1_212' title='bbox 784 1567 830 1599; x_wconf 84' lang='lat' dir='ltr'>ire</span> <span class='ocrx_word' id='word_1_213' title='bbox 848 1593 854 1599; x_wconf 85' lang='lat'><strong>.</strong></span> <span class='ocrx_word' id='word_1_214' title='bbox 873 1567 923 1598; x_wconf 77' lang='lat' dir='ltr'>vel</span> <span class='ocrx_word' id='word_1_215' title='bbox 944 1565 1066 1609; x_wconf 86' lang='lat' dir='ltr'>judicio</span> <span class='ocrx_word' id='word_1_216' title='bbox 1089 1564 1223 1598; x_wconf 82' lang='lat' dir='ltr'>seculari</span> <span class='ocrx_word' id='word_1_217' title='bbox 1245 1565 1284 1596; x_wconf 90' lang='lat' dir='ltr'>de</span> <span class='ocrx_word' id='word_1_218' title='bbox 1306 1566 1412 1596; x_wconf 86' lang='lat' dir='ltr'>vestra</span> <span class='ocrx_word' id='word_1_219' title='bbox 1430 1562 1560 1605; x_wconf 82' lang='lat' dir='ltr'>propria</span> <span class='ocrx_word' id='word_1_220' title='bbox 1584 1561 1763 1594; x_wconf 81' lang='lat' dir='ltr'>substantia</span> <span class='ocrx_word' id='word_1_221' title='bbox 1779 1561 1830 1593; x_wconf 84' lang='lat' dir='ltr'>vel</span> 
     </span>
     <span class='ocr_line' id='line_1_21' title="bbox 345 1630 1830 1684; baseline -0.007 -11"><span class='ocrx_word' id='word_1_222' title='bbox 345 1638 595 1684; x_wconf 86' lang='lat' dir='ltr'>possessionibus</span> <span class='ocrx_word' id='word_1_223' title='bbox 613 1637 726 1670; x_wconf 84' lang='lat' dir='ltr'>vestris</span> <span class='ocrx_word' id='word_1_224' title='bbox 748 1636 912 1679; x_wconf 82' lang='lat' dir='ltr'>subjacere</span> <span class='ocrx_word' id='word_1_225' title='bbox 936 1635 1108 1677; x_wconf 82' lang='lat' dir='ltr'>compellat</span> <span class='ocrx_word' id='word_1_226' title='bbox 1129 1660 1135 1666; x_wconf 84' lang='lat'><strong>.</strong></span> <span class='ocrx_word' id='word_1_227' title='bbox 1163 1645 1221 1666; x_wconf 86' lang='lat' dir='ltr'>neo</span> <span class='ocrx_word' id='word_1_228' title='bbox 1244 1634 1285 1665; x_wconf 86' lang='lat' dir='ltr'>ad</span> <span class='ocrx_word' id='word_1_229' title='bbox 1306 1633 1418 1665; x_wconf 89' lang='lat' dir='ltr'>domos</span> <span class='ocrx_word' id='word_1_230' title='bbox 1440 1633 1560 1664; x_wconf 86' lang='lat' dir='ltr'>vestras</span> <span class='ocrx_word' id='word_1_231' title='bbox 1584 1642 1678 1663; x_wconf 81' lang='lat' dir='ltr'>causa</span> <span class='ocrx_word' id='word_1_232' title='bbox 1703 1630 1830 1662; x_wconf 87' lang='lat' dir='ltr'>ordines</span> 
     </span>
     <span class='ocr_line' id='line_1_22' title="bbox 346 1699 1830 1746; baseline -0.007 -5"><span class='ocrx_word' id='word_1_233' title='bbox 346 1708 527 1742; x_wconf 82' lang='lat' dir='ltr'>celebrandi</span> <span class='ocrx_word' id='word_1_234' title='bbox 546 1734 551 1739; x_wconf 92' lang='lat'><em>.</em></span> <span class='ocrx_word' id='word_1_235' title='bbox 570 1718 680 1739; x_wconf 80' lang='lat' dir='ltr'>causas</span> <span class='ocrx_word' id='word_1_236' title='bbox 703 1705 864 1737; x_wconf 82' lang='lat' dir='ltr'>tractandi</span> <span class='ocrx_word' id='word_1_237' title='bbox 883 1731 888 1737; x_wconf 94' lang='lat'><em>.</em></span> <span class='ocrx_word' id='word_1_238' title='bbox 907 1705 957 1737; x_wconf 87' lang='lat' dir='ltr'>vel</span> <span class='ocrx_word' id='word_1_239' title='bbox 981 1704 1105 1746; x_wconf 84' lang='lat' dir='ltr'>aliquos</span> <span class='ocrx_word' id='word_1_240' title='bbox 1127 1705 1304 1735; x_wconf 87' lang='lat' dir='ltr'>conventus</span> <span class='ocrx_word' id='word_1_241' title='bbox 1320 1701 1465 1744; x_wconf 85' lang='lat' dir='ltr'>publicos</span> <span class='ocrx_word' id='word_1_242' title='bbox 1482 1699 1678 1733; x_wconf 81' lang='lat' dir='ltr'>convocandi</span> <span class='ocrx_word' id='word_1_243' title='bbox 1697 1725 1703 1730; x_wconf 95' lang='lat'>.</span> <span class='ocrx_word' id='word_1_244' title='bbox 1721 1699 1830 1731; x_wconf 84' lang='lat' dir='ltr'>venire</span> 
     </span>
     <span class='ocr_line' id='line_1_23' title="bbox 346 1768 1829 1822; baseline -0.008 -11"><span class='ocrx_word' id='word_1_245' title='bbox 346 1780 509 1822; x_wconf 81' lang='lat' dir='ltr'>presumat</span> <span class='ocrx_word' id='word_1_246' title='bbox 527 1803 533 1809; x_wconf 93' lang='lat'><strong>.</strong></span> <span class='ocrx_word' id='word_1_247' title='bbox 551 1789 609 1809; x_wconf 85' lang='lat' dir='ltr'>nec</span> <span class='ocrx_word' id='word_1_248' title='bbox 625 1776 808 1818; x_wconf 78' lang='lat' dir='ltr'>regularem</span> <span class='ocrx_word' id='word_1_249' title='bbox 829 1774 1017 1806; x_wconf 81' lang='lat' dir='ltr'>electionem</span> <span class='ocrx_word' id='word_1_250' title='bbox 1037 1772 1162 1805; x_wconf 84' lang='lat' dir='ltr'>abbatis</span> <span class='ocrx_word' id='word_1_251' title='bbox 1178 1772 1275 1804; x_wconf 82' lang='lat' dir='ltr'>vestri</span> <span class='ocrx_word' id='word_1_252' title='bbox 1297 1771 1454 1813; x_wconf 84' lang='lat' dir='ltr'>impediat</span> <span class='ocrx_word' id='word_1_253' title='bbox 1472 1796 1478 1801; x_wconf 90' lang='lat'>.</span> <span class='ocrx_word' id='word_1_254' title='bbox 1496 1772 1552 1802; x_wconf 87' lang='lat' dir='ltr'>aut</span> <span class='ocrx_word' id='word_1_255' title='bbox 1574 1770 1614 1802; x_wconf 87' lang='lat' dir='ltr'>de</span> <span class='ocrx_word' id='word_1_256' title='bbox 1629 1768 1829 1801; x_wconf 87' lang='lat' dir='ltr'>instituendo</span> 
     </span>
     <span class='ocr_line' id='line_1_24' title="bbox 347 1837 1830 1887; baseline -0.007 -8"><span class='ocrx_word' id='word_1_257' title='bbox 347 1849 396 1880; x_wconf 83' lang='lat' dir='ltr'>vel</span> <span class='ocrx_word' id='word_1_258' title='bbox 413 1847 606 1879; x_wconf 78' lang='lat' dir='ltr'>removendo</span> <span class='ocrx_word' id='word_1_259' title='bbox 622 1857 658 1877; x_wconf 88' lang='lat' dir='ltr'>eo</span> <span class='ocrx_word' id='word_1_260' title='bbox 674 1845 730 1887; x_wconf 87' lang='lat' dir='ltr'>qui</span> <span class='ocrx_word' id='word_1_261' title='bbox 746 1856 803 1887; x_wconf 89' lang='lat' dir='ltr'>pro</span> <span class='ocrx_word' id='word_1_262' title='bbox 819 1847 962 1886; x_wconf 87' lang='lat' dir='ltr'>tempore</span> <span class='ocrx_word' id='word_1_263' title='bbox 985 1842 1085 1875; x_wconf 90' lang='lat' dir='ltr'>fuerit</span> <span class='ocrx_word' id='word_1_264' title='bbox 1103 1867 1109 1874; x_wconf 88' lang='lat'><strong>.</strong></span> <span class='ocrx_word' id='word_1_265' title='bbox 1127 1844 1237 1874; x_wconf 80' lang='lat' dir='ltr'>contra</span> <span class='ocrx_word' id='word_1_266' title='bbox 1254 1843 1376 1873; x_wconf 81' lang='lat' dir='ltr'>statuta</span> <span class='ocrx_word' id='word_1_267' title='bbox 1392 1838 1644 1871; x_wconf 66' lang='lat' dir='ltr'>Cmrnnmaxsrs</span> <span class='ocrx_word' id='word_1_268' title='bbox 1661 1837 1782 1869; x_wconf 87' lang='lat' dir='ltr'>ordinis</span> <span class='ocrx_word' id='word_1_269' title='bbox 1797 1847 1830 1869; x_wconf 88' lang='lat' dir='ltr'>se</span> 
     </span>
     <span class='ocr_line' id='line_1_25' title="bbox 346 1908 1830 1959; baseline -0.007 -10"><span class='ocrx_word' id='word_1_270' title='bbox 346 1918 550 1959; x_wconf 81' lang='lat' dir='ltr'>aliquatenus</span> <span class='ocrx_word' id='word_1_271' title='bbox 580 1914 787 1947; x_wconf 82' lang='lat' dir='ltr'>intromittat.</span> <span class='ocrx_word' id='word_1_272' title='bbox 836 1913 870 1945; x_wconf 82' lang='lat' dir='ltr'>Si</span> <span class='ocrx_word' id='word_1_273' title='bbox 900 1924 972 1945; x_wconf 73' lang='lat' dir='ltr'>vero</span> <span class='ocrx_word' id='word_1_274' title='bbox 999 1912 1165 1954; x_wconf 87' lang='lat' dir='ltr'>episcopus</span> <span class='ocrx_word' id='word_1_275' title='bbox 1195 1911 1230 1942; x_wconf 91' lang='lat' dir='ltr'>in</span> <span class='ocrx_word' id='word_1_276' title='bbox 1262 1910 1355 1952; x_wconf 79' lang='lat' dir='ltr'>cujus</span> <span class='ocrx_word' id='word_1_277' title='bbox 1382 1908 1550 1952; x_wconf 82' lang='lat' dir='ltr'>parrochia</span> <span class='ocrx_word' id='word_1_278' title='bbox 1580 1908 1695 1940; x_wconf 87' lang='lat' dir='ltr'>domus</span> <span class='ocrx_word' id='word_1_279' title='bbox 1724 1908 1830 1939; x_wconf 85' lang='lat' dir='ltr'>vestra</span> 
     </span>
     <span class='ocr_line' id='line_1_26' title="bbox 346 1975 1831 2022; baseline -0.007 -5"><span class='ocrx_word' id='word_1_280' title='bbox 346 1987 485 2018; x_wconf 80' lang='lat' dir='ltr'>fundata</span> <span class='ocrx_word' id='word_1_281' title='bbox 507 1988 554 2016; x_wconf 91' lang='lat' dir='ltr'>est</span> <span class='ocrx_word' id='word_1_282' title='bbox 577 1995 649 2016; x_wconf 86' lang='lat' dir='ltr'>cum</span> <span class='ocrx_word' id='word_1_283' title='bbox 672 1983 856 2015; x_wconf 77' lang='lat' dir='ltr'>humilitate</span> <span class='ocrx_word' id='word_1_284' title='bbox 881 1994 916 2013; x_wconf 85' lang='lat' dir='ltr'>ac</span> <span class='ocrx_word' id='word_1_285' title='bbox 935 1982 1108 2014; x_wconf 85' lang='lat' dir='ltr'>devotione</span> <span class='ocrx_word' id='word_1_286' title='bbox 1129 1992 1193 2022; x_wconf 82' lang='lat' dir='ltr'>qua</span> <span class='ocrx_word' id='word_1_287' title='bbox 1218 1979 1367 2011; x_wconf 81' lang='lat' dir='ltr'>convenit</span> <span class='ocrx_word' id='word_1_288' title='bbox 1388 1978 1562 2020; x_wconf 86' lang='lat' dir='ltr'>requisitus</span> <span class='ocrx_word' id='word_1_289' title='bbox 1588 2002 1594 2008; x_wconf 92' lang='lat'><strong>.</strong></span> <span class='ocrx_word' id='word_1_290' title='bbox 1619 1975 1831 2008; x_wconf 86' lang='lat' dir='ltr'>substitutum</span> 
     </span>
     <span class='ocr_line' id='line_1_27' title="bbox 348 2043 1831 2093; baseline -0.007 -7"><span class='ocrx_word' id='word_1_291' title='bbox 348 2054 497 2087; x_wconf 81' lang='lat' dir='ltr'>abbatem</span> <span class='ocrx_word' id='word_1_292' title='bbox 516 2052 702 2085; x_wconf 83' lang='lat' dir='ltr'>benedicere</span> <span class='ocrx_word' id='word_1_293' title='bbox 726 2078 732 2083; x_wconf 91' lang='lat'><strong>.</strong></span> <span class='ocrx_word' id='word_1_294' title='bbox 757 2055 789 2083; x_wconf 88' lang='lat' dir='ltr'>et</span> <span class='ocrx_word' id='word_1_295' title='bbox 810 2051 873 2083; x_wconf 76' lang='lat' dir='ltr'>alia</span> <span class='ocrx_word' id='word_1_296' title='bbox 893 2062 954 2093; x_wconf 87' lang='lat' dir='ltr'>que</span> <span class='ocrx_word' id='word_1_297' title='bbox 971 2051 1012 2082; x_wconf 83' lang='lat' dir='ltr'>ad</span> <span class='ocrx_word' id='word_1_298' title='bbox 1034 2049 1170 2082; x_wconf 87' lang='lat' dir='ltr'>offitium</span> <span class='ocrx_word' id='word_1_299' title='bbox 1192 2047 1370 2091; x_wconf 63' lang='lat' dir='ltr'>episcopale</span> <span class='ocrx_word' id='word_1_300' title='bbox 1392 2046 1557 2089; x_wconf 86' lang='lat' dir='ltr'>pertinent</span> <span class='ocrx_word' id='word_1_301' title='bbox 1577 2044 1666 2077; x_wconf 83' lang='lat' dir='ltr'>vobis</span> <span class='ocrx_word' id='word_1_302' title='bbox 1687 2043 1831 2076; x_wconf 87' lang='lat' dir='ltr'>conferre</span> 
     </span>
     <span class='ocr_line' id='line_1_28' title="bbox 347 2112 1832 2157; baseline -0.008 -1"><span class='ocrx_word' id='word_1_303' title='bbox 347 2123 491 2157; x_wconf 86' lang='lat' dir='ltr'>renuerit</span> <span class='ocrx_word' id='word_1_304' title='bbox 517 2149 522 2154; x_wconf 90' lang='lat'>.</span> <span class='ocrx_word' id='word_1_305' title='bbox 548 2122 673 2154; x_wconf 88' lang='lat' dir='ltr'>licitum</span> <span class='ocrx_word' id='word_1_306' title='bbox 687 2121 728 2153; x_wconf 88' lang='lat' dir='ltr'>sit</span> <span class='ocrx_word' id='word_1_307' title='bbox 753 2120 857 2153; x_wconf 84' lang='lat' dir='ltr'>eidem.</span> <span class='ocrx_word' id='word_1_308' title='bbox 877 2119 986 2152; x_wconf 79' lang='lat' dir='ltr'>abbati</span> <span class='ocrx_word' id='word_1_309' title='bbox 1011 2144 1017 2151; x_wconf 91' lang='lat'><strong>.</strong></span> <span class='ocrx_word' id='word_1_310' title='bbox 1041 2119 1066 2151; x_wconf 89' lang='lat' dir='ltr'>si</span> <span class='ocrx_word' id='word_1_311' title='bbox 1081 2121 1190 2151; x_wconf 84' lang='lat' dir='ltr'>tamon</span> <span class='ocrx_word' id='word_1_312' title='bbox 1214 2117 1358 2149; x_wconf 82' lang='lat' dir='ltr'>sacerdos</span> <span class='ocrx_word' id='word_1_313' title='bbox 1377 2115 1476 2148; x_wconf 81' lang='lat' dir='ltr'>fuerit</span> <span class='ocrx_word' id='word_1_314' title='bbox 1497 2140 1503 2146; x_wconf 96' lang='lat'>.</span> <span class='ocrx_word' id='word_1_315' title='bbox 1528 2113 1672 2157; x_wconf 88' lang='lat' dir='ltr'>proprios</span> <span class='ocrx_word' id='word_1_316' title='bbox 1692 2112 1832 2145; x_wconf 84' lang='lat' dir='ltr'>novicios</span> 
     </span>
     <span class='ocr_line' id='line_1_29' title="bbox 346 2181 1830 2232; baseline -0.007 -8"><span class='ocrx_word' id='word_1_317' title='bbox 346 2193 532 2225; x_wconf 65' lang='lat' dir='ltr'>benedicere</span> <span class='ocrx_word' id='word_1_318' title='bbox 560 2217 567 2223; x_wconf 90' lang='lat'>.</span> <span class='ocrx_word' id='word_1_319' title='bbox 592 2194 624 2223; x_wconf 92' lang='lat' dir='ltr'>et</span> <span class='ocrx_word' id='word_1_320' title='bbox 639 2191 703 2222; x_wconf 80' lang='lat' dir='ltr'>alia</span> <span class='ocrx_word' id='word_1_321' title='bbox 719 2201 780 2232; x_wconf 85' lang='lat' dir='ltr'>que</span> <span class='ocrx_word' id='word_1_322' title='bbox 802 2190 843 2221; x_wconf 78' lang='lat' dir='ltr'>ad</span> <span class='ocrx_word' id='word_1_323' title='bbox 859 2189 998 2221; x_wconf 85' lang='lat' dir='ltr'>officium</span> <span class='ocrx_word' id='word_1_324' title='bbox 1017 2199 1112 2220; x_wconf 89' lang='lat' dir='ltr'>suum</span> <span class='ocrx_word' id='word_1_325' title='bbox 1131 2187 1295 2230; x_wconf 86' lang='lat' dir='ltr'>pertinent</span> <span class='ocrx_word' id='word_1_326' title='bbox 1311 2196 1456 2218; x_wconf 74' lang='lat' dir='ltr'>exercere</span> <span class='ocrx_word' id='word_1_327' title='bbox 1478 2210 1484 2216; x_wconf 93' lang='lat'><em>.</em></span> <span class='ocrx_word' id='word_1_328' title='bbox 1511 2186 1543 2216; x_wconf 85' lang='lat' dir='ltr'>et</span> <span class='ocrx_word' id='word_1_329' title='bbox 1559 2182 1648 2216; x_wconf 86' lang='lat' dir='ltr'>vobis</span> <span class='ocrx_word' id='word_1_330' title='bbox 1665 2182 1774 2215; x_wconf 85' lang='lat' dir='ltr'>omnia</span> <span class='ocrx_word' id='word_1_331' title='bbox 1789 2181 1830 2214; x_wconf 86' lang='lat' dir='ltr'>ab</span> 
     </span>
    </p>
   </div>
   <div class='ocr_carea' id='block_1_3' title="bbox 347 2251 1829 2304">
    <p class='ocr_par' dir='ltr' id='par_1_3' title="bbox 347 2251 1829 2304">
     <span class='ocr_line' id='line_1_30' title="bbox 347 2251 1829 2304; baseline -0.009 -9"><span class='ocrx_word' id='word_1_332' title='bbox 347 2263 411 2295; x_wconf 80' lang='lat' dir='ltr'>alio</span> <span class='ocrx_word' id='word_1_333' title='bbox 427 2263 572 2304; x_wconf 80' lang='lat' dir='ltr'>episcopo</span> <span class='ocrx_word' id='word_1_334' title='bbox 588 2260 748 2302; x_wconf 73' lang='lat' dir='ltr'>percipen¹</span> <span class='ocrx_word' id='word_1_335' title='bbox 767 2285 772 2290; x_wconf 92' lang='lat'><em>.</em></span> <span class='ocrx_word' id='word_1_336' title='bbox 791 2270 853 2300; x_wconf 81' lang='lat' dir='ltr'>que</span> <span class='ocrx_word' id='word_1_337' title='bbox 870 2271 888 2290; x_wconf 76' lang='lat' dir='ltr'>a</span> <span class='ocrx_word' id='word_1_338' title='bbox 901 2262 1004 2290; x_wconf 85' lang='lat' dir='ltr'>vestro</span> <span class='ocrx_word' id='word_1_339' title='bbox 1022 2257 1144 2289; x_wconf 86' lang='lat' dir='ltr'>fuerint</span> <span class='ocrx_word' id='word_1_340' title='bbox 1161 2255 1304 2288; x_wconf 86' lang='lat' dir='ltr'>indebite</span> <span class='ocrx_word' id='word_1_341' title='bbox 1320 2256 1492 2296; x_wconf 81' lang='lat' dir='ltr'>denegata.</span> <span class='ocrx_word' id='word_1_342' title='bbox 1529 2252 1620 2285; x_wconf 88' lang='lat' dir='ltr'>Illud</span> <span class='ocrx_word' id='word_1_343' title='bbox 1632 2251 1806 2283; x_wconf 83' lang='lat' dir='ltr'>adicientes</span> <span class='ocrx_word' id='word_1_344' title='bbox 1822 2275 1829 2282; x_wconf 77' lang='lat'><strong>.</strong></span> 
     </span>
    </p>
   </div>
  </div>
 </body>
</html>
