1998 2724
374 158 437 189 630

373 315 456 347 Cum
480 327 497 347 a
514 315 607 347 nobis
630 316 752 358 petitur
768 316 853 358 quod
869 315 995 357 justum
1019 318 1066 347 est
1089 318 1121 347 et
1143 315 1314 347 honestum
1338 319 1405 347 tam
1422 316 1514 358 vigor
1537 315 1689 358 equitatis
1712 327 1809 358 quam

327 385 406 416 ordo
422 385 525 428 exigit
541 385 675 417 rationis
693 411 699 416 .
716 386 754 417 ut
770 385 804 416 id
819 396 877 427 per
893 384 1144 416 sollicitudinem
1167 384 1261 416 officii
1277 385 1378 417 nostri
1394 386 1436 417 ad
1452 385 1599 418 debitum
1615 386 1809 427 perducatur

327 454 487 486 effoetum.
536 454 588 486 Ex
616 457 706 497 parte
729 454 888 496 siquidem
912 455 1017 485 vestra
1044 452 1109 485 fuit
1133 454 1333 496 propositum
1359 466 1464 486 coram
1491 454 1584 487 nobis
1601 480 1607 486 .
1626 455 1712 496 quod
1734 455 1809 486 licet

326 524 432 555 ordini
451 527 557 556 vestro
573 536 629 566 per
646 523 817 566 privilegia
833 523 916 555 sedis
941 522 1112 565 apostolice
1128 522 1169 554 sit
1185 522 1349 555 indultum
1367 550 1373 555 .
1391 525 1428 555 ut
1444 523 1554 556 nullus
1571 524 1736 566 episcopus
1751 534 1807 556 seu

325 593 389 624 alia
405 604 540 636 persona
556 594 597 625 ad
614 593 753 635 synodos
769 593 820 624 vel
844 592 986 624 forenses
1002 594 1178 624 conventus
1194 592 1256 624 nisi
1272 603 1329 635 pro
1353 593 1416 624 fide
1431 604 1487 625 vos
1502 593 1548 625 ire
1563 593 1735 635 compellat
1751 595 1808 625 aut

325 662 358 693 in
391 673 446 694 vos
476 662 527 694 vel
558 661 752 694 monasteria
783 673 838 693 seu
870 661 967 693 etiam
999 672 1149 703 personas
1180 661 1259 694 dicti
1289 661 1410 694 ordinis
1435 662 1775 694 excommunicationis
1799 687 1806 693 .

323 731 540 774 suspensionis
557 757 563 763 .
583 737 637 763 aut
654 731 819 763 interdicti
837 731 1013 762 sententias
1033 730 1240 773 promulgare
1263 734 1425 773 presumat
1443 757 1449 763 .
1467 743 1529 774 que
1553 732 1579 763 si
1602 731 1807 774 promulgate

324 800 447 832 fuerint
470 805 637 842 tamquam
661 804 772 832 contra
788 800 960 842 apostolice
984 800 1066 833 sedis
1089 800 1217 832 indulta
1240 800 1364 842 prolate
1388 801 1606 832 decernuntur
1620 812 1678 843 per
1693 800 1806 833 eadem

323 869 494 912 privilegia
525 869 614 901 irrite
645 880 681 900 ac
711 869 824 902 inanes
857 896 862 901 .
896 869 1126 902 nichilominus
1156 872 1265 902 tamen
1296 870 1441 912 plerique
1472 870 1589 912 prelati
1620 872 1652 902 et
1682 870 1806 913 judices

324 938 476 970 ordinarii
508 949 544 970 ac
575 938 631 970 alii
671 938 876 970 ecclesiarum
913 941 1050 970 rectores
1080 938 1191 970 eadem
1230 939 1401 982 privilegia
1432 938 1548 981 quibus
1579 939 1699 971 muniti
1730 940 1805 972 estis

321 1019 474 1039 evacuare
491 1007 719 1050 superstitiosis
742 1007 1027 1039 adinventionibus
1049 1008 1219 1040 molientes
1234 1011 1381 1041 asserunt
1397 1020 1452 1041 vos
1467 1020 1525 1051 pro
1542 1008 1656 1051 quavis
1681 1008 1806 1041 offensa

319 1076 443 1108 ratione
475 1077 585 1109 delicti
616 1076 751 1109 existere
789 1076 853 1108 fori
884 1077 933 1109 sui
965 1076 1072 1118 sicque
1110 1080 1259 1109 vocantes
1289 1089 1346 1109 vos
1375 1078 1417 1109 ad
1448 1078 1569 1120 placita
1599 1077 1741 1120 capitula
1772 1081 1804 1110 et

320 1147 531 1189 penitentiale
547 1147 655 1179 forum
672 1147 753 1179 sicut
769 1147 849 1179 alios
865 1147 993 1179 clericos
1009 1147 1164 1179 seculares
1180 1157 1235 1178 vos
1251 1158 1346 1188 super
1361 1146 1421 1179 hoc
1436 1146 1610 1189 multiplici
1633 1147 1804 1179 vexatione

321 1216 464 1258 fatigant
475 1242 481 1247 .
494 1227 690 1258 quamquam
701 1227 848 1248 excessus
858 1216 955 1248 vestri
965 1218 1034 1247 tam
1044 1227 1100 1258 per
1112 1215 1262 1258 generale
1273 1226 1369 1257 quam
1383 1215 1480 1247 etiam
1491 1215 1653 1247 cotidiana
1663 1216 1805 1258 capitula.

320 1296 382 1327 que
406 1286 488 1317 fiunt
512 1286 545 1317 in
578 1285 716 1328 singulis
741 1285 944 1318 monasteriis
974 1285 1071 1317 vestri
1098 1285 1220 1317 ordinis
1245 1296 1387 1327 congrua
1411 1284 1592 1327 penitentia
1615 1285 1802 1327 puniantur.

321 1355 430 1390 Quare
453 1355 545 1387 nobis
569 1355 736 1387 humiliter
759 1355 962 1397 supplicastis
988 1380 993 1386 .
1019 1358 1056 1387 ut
1080 1355 1338 1396 presumptiones
1360 1354 1477 1386 talium
1501 1354 1647 1387 cohibere
1671 1357 1806 1397 paterna

320 1424 537 1457 sollicitudine
568 1435 759 1457 curaremus.
818 1424 888 1456 Nos
918 1424 1020 1467 igitur
1051 1424 1253 1456 attendentes
1284 1424 1370 1466 quod
1400 1424 1460 1456 etsi
1491 1435 1530 1456 ex
1561 1425 1699 1467 suscepti
1729 1436 1805 1457 cura

319 1494 488 1535 regiminis
503 1495 543 1526 de
559 1494 716 1526 universis
732 1493 849 1526 Sancte
864 1494 977 1525 matris
992 1493 1121 1525 ecclesie
1144 1493 1218 1524 filiis
1241 1504 1351 1525 curam
1372 1495 1404 1525 et
1420 1493 1672 1526 sollicitudinem
1694 1505 1805 1537 gerere

318 1566 486 1595 teneamur
512 1589 517 1595 .
544 1564 584 1595 de
607 1563 672 1595 illis
695 1567 805 1595 tamen
829 1563 997 1605 specialius
1021 1562 1161 1604 cogitare
1184 1573 1242 1594 nos
1265 1562 1415 1593 convenit
1431 1563 1487 1604 qui
1502 1563 1688 1605 postpositis
1711 1564 1802 1596 vani-

320 1632 442 1665 tatibus
465 1633 562 1665 seouli
585 1633 699 1675 jugem
725 1633 920 1674 impendunt
943 1630 1074 1663 domino
1096 1630 1293 1662 famulatum
1318 1656 1324 1662 .
1350 1642 1386 1662 ac
1410 1631 1552 1663 volentes
1577 1632 1678 1674 quieti
1701 1635 1805 1665 vestre

320 1713 414 1744 snper
440 1702 602 1744 premissis
629 1705 763 1744 paterna
790 1702 825 1733 in
851 1704 1014 1743 posterum
1040 1700 1256 1732 sollicitudine
1280 1700 1446 1742 providere
1469 1703 1506 1732 ut
1534 1701 1644 1733 nullus
1666 1712 1722 1734 vos
1745 1713 1801 1734 seu

317 1771 585 1804 monasteriorum
602 1774 779 1803 vestrorum
795 1782 945 1813 personas
961 1772 1002 1803 ad
1019 1770 1146 1803 sinodos
1162 1771 1213 1802 vel
1236 1770 1378 1803 forenses
1393 1773 1570 1803 conventus
1585 1770 1648 1803 nisi
1663 1783 1721 1814 pro
1738 1771 1802 1804 fide

319 1841 492 1873 dumtaxat
518 1841 569 1873 vel
596 1840 783 1882 hujusmodi
811 1840 928 1882 placita
957 1852 1012 1872 seu
1037 1840 1178 1882 capitula
1205 1839 1256 1872 vel
1280 1841 1386 1871 forum
1414 1840 1625 1881 penitentiale
1650 1867 1655 1872 .
1681 1840 1801 1884 absque

319 1911 474 1942 mandato
490 1910 572 1942 sedis
589 1910 759 1952 apostolice
775 1909 904 1952 speciali
921 1920 1050 1941 evocare
1074 1909 1172 1941 etiam
1189 1908 1298 1940 delicti
1314 1908 1439 1941 ratione
1456 1911 1620 1951 presumat
1638 1935 1643 1941 .
1661 1909 1803 1942 maxime

320 1991 391 2011 «funi
413 1990 467 2011 vos
490 1979 548 2011 filii
572 1978 703 2011 abbates
727 1978 841 2020 punire
864 1990 1009 2010 excessus
1032 1977 1191 2020 quoslibet
1213 1978 1387 2009 secundum
1417 1980 1540 2010 statuta
1563 1978 1660 2010 vestri
1682 1979 1804 2011 ordinis

320 2049 423 2091 parati
459 2048 528 2080 sitis
560 2048 749 2080 auctoritate
773 2048 971 2090 presentium
1000 2047 1176 2079 districtius
1206 2047 1389 2079 inhibemus
1421 2073 1426 2078 .
1458 2047 1665 2080 decernentes
1692 2049 1803 2080 eadem

318 2118 507 2150 auctoritate
546 2117 721 2150 sententias
759 2117 785 2149 si
816 2128 896 2159 quas
934 2117 992 2148 hac
1024 2116 1185 2149 occasione
1222 2128 1278 2159 per
1316 2116 1590 2159 presumptionem
1621 2116 1800 2160 cujuspiam

319 2187 518 2230 promulgari
549 2186 720 2229 contigerit
752 2187 857 2218 irritas
888 2190 919 2218 ct
951 2186 1072 2218 inanes.
1142 2186 1239 2218 Salvo
1269 2186 1302 2218 in
1335 2185 1484 2218 omnibus
1515 2185 1686 2227 apostolice
1717 2186 1800 2218 sedis

318 2257 480 2288 mandato.
527 2255 620 2288 Nulli
638 2267 714 2298 ergo
731 2255 862 2287 omnino
879 2256 1047 2287 homiuum
1063 2255 1157 2287 liceat
1180 2255 1263 2287 lianc
1286 2255 1441 2298 pag-inani
1465 2257 1570 2287 nostre
1594 2254 1797 2287 inhibitionis
