1998 2724
1562 182 1623 212 471

791 385 1073 419 CCCCLXXIII.

192 466 354 499 GRANT
385 467 451 499 BY
481 466 618 506 JOHN,
646 467 810 507 ΑΒΒΟΤ,
838 468 940 501 AND
971 468 1070 501 THE
1102 468 1325 502 OONVENT
1355 469 1415 502 OF
1445 470 1665 512 MARGAM,

300 535 358 568 TO
386 535 609 569 WILLIAM
639 535 765 568 COGH
798 537 856 568 OF
886 537 1093 578 KENFEG,
1118 538 1177 570 OF
1200 538 1332 571 LAND
1357 539 1419 572 AT
1443 539 1667 574 PREOSTE-

301 604 471 638 BEREG’
495 604 550 637 IN
573 604 768 638 KENFIG.

741 674 914 718 [MARGAM
939 676 1135 720 CHARTER]
1398 680 1622 713 1213--1234,

233 756 344 788 Sciant
375 759 537 798 presentes
567 759 600 788 et
630 757 734 788 futuri
759 758 845 799 quod
876 769 935 800 ego
966 759 1149 791 JOHANNES
1180 760 1284 793 dietus
1312 760 1410 794 abbas
1441 762 1481 795 de
1511 762 1666 795 MARGAN

186 826 318 858 oonsilio
334 828 366 858 et
383 837 537 858 consensu
552 830 728 859 conventus
752 827 791 859 de
814 827 970 859 MARGAN
997 854 1002 859 .
1028 829 1102 861 dedi
1126 832 1158 861 et
1181 831 1318 862 concessi
1347 830 1542 864 WILLELMO
1566 833 1663 865 Goffl

186 895 226 927 de
242 894 413 927 KENEFEG
435 921 440 926 .
458 906 515 936 pro
531 895 660 927 servitio
677 907 733 927 suo
749 894 912 938 ei[r]oiter
928 897 1070 939 quinque
1086 909 1174 930 aeras
1190 904 1272 930 terre
1294 899 1424 931 arabilis
1447 901 1482 932 in
1502 902 1663 934 territorio

187 965 227 996 de
243 964 415 996 KENEFEG
428 965 515 1006 apud
531 964 811 996 PREOSTEBEREG'
832 990 837 996 .
855 965 1019 997 habendas
1034 969 1066 998 et
1090 968 1245 999 tenendas
1268 968 1308 1000 de
1331 969 1425 1001 domo
1445 970 1485 1002 de
1507 970 1663 1002 MARGAN

187 1032 285 1065 libere
319 1036 351 1065 et
378 1033 485 1075 quiete
513 1059 519 1064 .
551 1033 716 1065 reddendo
741 1033 817 1065 inde
840 1035 1010 1066 annuatim
1033 1035 1143 1067 domui
1162 1036 1201 1068 de
1229 1036 1385 1069 MARGAN
1420 1049 1518 1070 unam
1548 1039 1665 1071 libram

185 1102 304 1144 piperis
333 1129 338 1133 .
367 1104 398 1134 et
415 1102 549 1133 alteram
565 1102 675 1134 cimini
693 1128 698 1133 .
717 1103 759 1134 ad
780 1103 899 1134 festum
922 1104 1067 1135 omnium
1091 1107 1275 1138 sanctorum
1299 1132 1304 1137 .
1330 1117 1388 1148 pro
1411 1107 1499 1139 omni
1522 1109 1660 1141 servitio.

186 1171 231 1203 Et
256 1171 421 1202 sciendum
449 1171 534 1213 quod
558 1171 634 1203 licet
660 1171 689 1202 ei
717 1171 757 1203 de
784 1171 858 1203 filiis
889 1173 953 1204 suis
981 1184 1213 1216 quemeumque
1245 1175 1383 1207 voluerit
1410 1176 1557 1218 ejusdem
1580 1180 1664 1210 ‘terre

187 1240 336 1272 heredem
363 1240 555 1272 constituere
580 1266 586 1272 .
612 1239 666 1272 Ita
688 1243 798 1272 tamen
826 1242 912 1283 quod
938 1253 995 1274 nee
1022 1243 1088 1285 ipse
1116 1243 1355 1276 WILLELMUS.
1380 1257 1438 1277 neo
1460 1245 1592 1279 heredes
1615 1248 1665 1279 sui

183 1310 304 1341 dictam
319 1312 438 1341 terram
453 1309 548 1341 alicui
565 1309 644 1341 dent
659 1310 710 1341 vel
727 1311 869 1342 vendant
889 1336 894 1342 .
912 1311 975 1342 nisi
991 1312 1101 1343 domui
1114 1313 1154 1344 de
1170 1312 1337 1345 MARGAN.
1386 1314 1511 1346 Domus
1535 1327 1608 1347 vero
1624 1317 1664 1348 de

184 1378 339 1410 MARGAN
358 1404 363 1410 .
381 1379 558 1421 predictam
573 1381 692 1410 terram
708 1379 794 1411 dioto
810 1379 1005 1412 WILLELMO
1018 1383 1049 1412 et
1065 1380 1236 1413 heredibus
1247 1382 1312 1414 suis
1321 1383 1544 1415 warantizabit
1553 1387 1664 1416 eontra

185 1460 294 1481 omnes
316 1448 462 1481 homines
485 1449 520 1481 in
546 1453 747 1492 perpetuum.
794 1449 873 1482 Hiis
893 1448 1029 1482 ‘testibus'
1054 1475 1060 1481 .
1085 1451 1216 1483 domino
1240 1450 1403 1483 RoBERTo
1427 1454 1505 1485 ‘cunc
1531 1453 1660 1494 priore.

182 1518 354 1550 Pmmpo
380 1519 546 1561 suppl-iore
566 1546 572 1552 .
594 1520 790 1552 RADULPHO
813 1520 953 1562 portario
983 1545 988 1551 .
1016 1519 1195 1551 GALrRmo
1225 1521 1382 1552 monacho
1416 1522 1455 1554 de
1479 1521 1659 1554 MARGAN.

182 1587 282 1620 fratre
307 1587 455 1620 Rmmso’
481 1614 487 1620 .
513 1588 666 1620 HUGONE
692 1615 697 1621 .
723 1589 832 1621 Espus
850 1615 855 1620 .
875 1589 1070 1622 WiLLELMo
1092 1588 1220 1621 Gnosso
1236 1589 1382 1632 ejusdem
1400 1590 1461 1622 loci
1477 1592 1635 1624 conversis
1652 1618 1658 1623 .

181 1655 344 1689 DANIELE
357 1657 533 1698 ‘capellano
563 1658 604 1689 de
634 1658 780 1690 Comum
814 1684 820 1690 .
854 1658 1015 1690 DANJELE
1041 1658 1108 1690 filio
1132 1658 1204 1700 ejus
1230 1684 1236 1689 .
1276 1658 1431 1691 RmARDo
1470 1660 1581 1692 clerieo
1619 1661 1659 1693 de

181 1724 353 1757 KENEFEG
372 1724 585 1758 .W1LLELMO
601 1726 691 1759 Gom:
709 1752 715 1758 .
734 1726 886 1759 HUGONE
902 1727 1030 1769 juniore
1048 1726 1244 1759 .WALTERO
1260 1728 1357 1759 fratre
1374 1728 1445 1770 ejus
1463 1754 1468 1759 .
1487 1728 1658 1761 Pmmppo

183 1792 272 1825 Com
290 1820 296 1825 .
314 1797 346 1825 et
361 1794 473 1826 multis
488 1795 568 1827 aliis.

225 1863 310 1902 Seal,
326 1864 406 1896 dark
421 1875 520 1906 green
536 1876 618 1904 wax,
635 1866 768 1908 pointed
784 1866 865 1904 oval‚
884 1866 970 1908 lgin.
989 1865 1028 1908 by
1050 1865 1135 1907 Hgin.
1182 1865 1216 1897 A
1235 1865 1471 1907 three-quarter
1494 1867 1597 1909 figure
1622 1867 1657 1899 of

181 1945 223 1965 an
239 1933 335 1965 abbot
349 1945 356 1972 ;
380 1933 415 1965 in
434 1933 489 1966 the
504 1933 594 1977 right
609 1934 698 1967 hand
713 1947 732 1967 a
748 1935 888 1978 pastoral
904 1935 988 1973 staff,
1005 1935 1060 1966 the
1077 1935 1171 1966 erook
1186 1935 1305 1966 turned
1319 1934 1404 1966 from
1419 1935 1474 1967 the
1490 1935 1603 1978 figure,
1620 1936 1654 1968 in

179 2002 235 2035 the
250 2002 309 2034 left
325 2002 413 2035 hand
429 2013 450 2054 ³:
471 2002 564 2035 book.
611 2003 653 2036 In
678 2003 733 2036 the
757 2004 833 2036 field
859 2015 934 2036 over
952 2004 1008 2036 the
1026 2004 1087 2036 left
1106 2003 1256 2036 shoulder
1275 2003 1336 2036 five
1356 2004 1470 2046 pellets
1493 2005 1653 2048 arranged

179 2072 215 2104 in
227 2072 393 2114 quincunx
411 2083 416 2087 ·
440 2083 448 2124 ἰ
472 2082 478 2089 ·

222 2140 445 2173 Endorsed—‘
458 2141 556 2174 carta.
571 2153 668 2184 quam
681 2141 795 2174 habuit
811 2141 865 2175 W.
884 2141 977 2185 Cogh
992 2142 1032 2174 de
1049 2153 1077 2174 v.
1095 2141 1196 2181 acris:
1213 2142 1278 2174 and
1304 2145 1311 2158 ‘
1326 2142 1389 2174 Per
1414 2141 1594 2174 Dominum
1618 2142 1651 2175 J.

178 2209 350 2242 abbatem?
373 2213 380 2228 ‘
395 2210 561 2243 Gololive.'
