1998 2724
1533 160 1595 192 529

165 330 311 352 meorum
335 321 367 352 et
389 319 492 351 salute
514 330 586 351 mea
609 321 641 351 et
664 319 773 351 uxoris
795 330 864 351 mee
897 321 929 351 et
952 319 1091 351 filiorum
1114 329 1269 350 meorum.
1333 317 1481 353 Quarum
1511 318 1642 360 quidem

168 394 237 420 une.
258 400 329 421 aere
347 392 423 421 sunt
442 388 538 431 juxta
560 388 732 430 grangiam
757 389 797 420 de
822 388 853 420 S.
882 388 1069 420 MranELE
1093 399 1201 420 SUPER
1224 387 1378 419 MONTEM
1403 398 1501 430 prope
1526 399 1644 429 aquam

168 459 209 490 ad
239 459 435 491 occidentem
465 458 602 501 grangie
635 483 641 489 .
673 457 827 490 habentes
865 458 906 490 ad
944 458 1121 490 australem
1159 460 1285 500 partem
1314 460 1435 489 terram
1466 456 1644 488 Ronssmm

168 528 377 560 CORUESARII
401 530 433 560 et
453 528 495 559 ad
517 527 800 570 septentrionalem
824 530 950 570 partem
972 532 1090 559 terram
1114 527 1325 559 ALEXANDRI
1347 526 1554 568 conjunctam
1575 525 1645 558 sibi.

168 596 243 629 Due
259 598 367 628 autem
383 608 454 628 aere
476 596 522 628 ibi
546 598 621 628 sunt
644 596 740 638 juxta
763 599 882 628 terram
906 596 1082 638 prediotam
1098 596 1218 639 prefati
1238 595 1449 628 ALEXANDRI
1465 596 1507 627 ad
1522 598 1647 637 septen-

167 666 338 698 trionalem
362 668 487 708 partem
511 666 597 697 inter
623 669 743 697 terram
768 677 865 708 quam
890 665 954 698 fuit
982 665 1152 698 WALTERI
1180 665 1270 697 Um*
1297 691 1302 697 .
1329 668 1361 697 et
1382 665 1472 697 illam
1497 677 1559 707 que
1585 665 1648 697 fuit

168 735 318 768 Rmmm
335 734 523 778 presbyteri.
572 735 618 767 Et
633 746 692 777 pro
707 734 767 766 hae
785 735 958 767 donatione
973 746 1045 767 mea
1061 734 1159 767 abbas
1175 735 1214 767 de
1229 734 1384 766 MARGAN
1402 734 1492 766 dedit
1508 734 1650 766 michiin

169 804 337 837 caritatem
353 803 454 836 xuffiffl⁴
476 804 593 836 solidos
609 804 737 847 argenti
753 806 834 836 teste
850 804 968 836 DAVID
985 804 1050 836 filio
1067 816 1138 836 meo
1157 831 1161 836 .
1180 807 1213 836 et
1235 816 1334 836 uxore
1354 815 1427 836 mea
1448 803 1652 836 ATHELEWA

171 877 203 906 et
220 873 415 906 W1L1,ELMO
431 873 497 906 filio
509 885 580 906 meo
599 899 604 904 .
623 873 784 905 Emumvo
803 873 841 905 de
858 873 1026 905 KENEFEC
1040 899 1046 905 .
1058 873 1214 906 Rimmon
1229 874 1269 906 de
1285 873 1470 905 DUNESTER
1489 899 1494 904 .
1513 873 1655 905 Romano

171 943 238 975 filio
255 943 415 975 Binum
428 945 461 975 et
473 942 657 975 Romnum
669 942 767 975 fratre
780 942 869 985 ojus.
885 942 1070 975 STPEHANO
1083 942 1301 986 [STEPHANO]
1315 943 1484 985 scriptore.
1499 942 1654 974 Rxcmno

172 1012 238 1044 filio
254 1012 411 1044 Amnum
429 1038 435 1044 .
455 1011 629 1044 GERVAsm
644 1011 711 1044 filio
730 1011 882 1044 G1121ANE
900 1038 905 1043 .
924 1011 1122 1044 WILLELMO
1145 1012 1211 1044 filio
1235 1011 1417 1044 GAUFREDI
1436 1038 1441 1044 .
1460 1011 1656 1044 WILLELMO

171 1082 271 1114 Boiu
301 1081 450 1113 NATURA
484 1105 490 1111 .
525 1081 672 1113 MANSEL
701 1107 706 1113 .
734 1081 891 1113 RmARno
926 1081 992 1114 filio
1030 1081 1203 1114 GRAMMUS
1237 1108 1243 1113 .
1276 1084 1308 1114 et
1338 1083 1406 1114 ‘toto
1431 1081 1499 1114 hun
1521 1082 1597 1114 redo
1616 1081 1656 1113 de

171 1150 349 1183 KENEFEO.

216 1220 300 1260 Seal,
317 1220 415 1252 white
431 1231 513 1260 wax,
529 1220 662 1262 pointed
678 1220 750 1252 oval
768 1219 831 1252 lin.
849 1219 894 1262 by
910 1221 976 1262 {in
992 1233 998 1260 3
1024 1233 1042 1252 a
1058 1221 1128 1263 lily.

215 1289 406 1333 Legend—‘
423 1297 452 1326 -Ι-
479 1300 642 1322 SIGILLUM
666 1301 823 1322 WALTERI
847 1290 1018 1322 mmmm)

216 1359 440 1392 Endorsed-—‘
455 1358 550 1392 Carte
566 1359 707 1392 Walteri
723 1359 832 1392 Luvel
848 1360 888 1392 de
907 1363 992 1392 terra
1016 1371 1114 1402 quam
1139 1359 1228 1392 dedit
1252 1359 1344 1392 nobis
1366 1360 1462 1403 juxta
1485 1360 1658 1403 grangiam

171 1430 212 1461 de
228 1428 260 1461 S.
278 1428 437 1461 Miehaele
455 1455 460 1460 .
479 1430 584 1461 vm‘ssm·
600 1428 718 1461 scilieet
734 1428 844 1461 aeras.'

216 1498 253 1526 (1)
274 1498 318 1519 See
338 1496 382 1519 No.
400 1496 484 1525 CCII,⁷
500 1497 547 1519 and
565 1498 603 1519 for
620 1497 661 1519 the
678 1498 833 1520 notification
853 1498 878 1519 of
898 1498 947 1519 this
967 1500 1041 1525 grant
1060 1498 1092 1526 by
1110 1497 1151 1519 the
1171 1497 1247 1520 donor
1267 1500 1292 1520 to
1313 1497 1348 1520 W.
1367 1498 1460 1527 Binhop
1478 1499 1503 1520 οἱ
1526 1498 1648 1522 Llandaff,

183 1540 228 1562 No*
241 1539 362 1562 DXXIV.

831 1684 1001 1717 DXXIV.

172 1765 519 1798 NOTIFIOATION
566 1765 625 1798 OF
671 1765 771 1798 THE
822 1765 985 1798 GRANT
1032 1765 1098 1798 BY
1136 1765 1344 1799 WALTER
1374 1766 1549 1806 LUVEL,
1596 1767 1655 1799 OF

283 1834 417 1867 LAND
445 1834 571 1867 NIGH
599 1834 656 1867 ΤΟ
685 1834 785 1867 THE
815 1834 1014 1868 GRANGE
1040 1834 1099 1867 OF
1126 1834 1188 1867 ST.
1215 1835 1439 1883 MICHAEL
1464 1835 1528 1868 ΟΝ
1556 1835 1655 1868 ΤΗΕ

283 1903 463 1943 MOUNT‚
496 1903 553 1936 TO
585 1903 796 1936 MARGAM
826 1903 1000 1936 ABBEY.

716 1973 891 2016 [MARGAM
917 1973 1113 2016 CHARTER]

218 2041 272 2074 W.
292 2040 354 2073 Dei
378 2041 483 2084 gratia
507 2041 732 2073 LANDAVENS]
758 2042 905 2084 episeopo
929 2044 962 2073 et
985 2041 1134 2074 omnibus
1157 2041 1274 2075 Sancte
1290 2043 1418 2075 ecclesie
1441 2043 1590 2076 fidelibus
1612 2044 1654 2075 ad

173 2122 253 2154 quos
279 2122 409 2153 presens
433 2110 615 2152 pervenerit
630 2111 784 2152 seriptum
803 2136 808 2142 .
826 2110 1023 2144 WALTERUS
1040 2110 1223 2143 LUPELLUS
1239 2111 1385 2144 salutem.

217 2180 344 2212 Notum
372 2180 454 2212 facio
481 2179 574 2212 nobis
598 2191 649 2212 me
677 2180 801 2212 dedisse
828 2184 861 2212 et
888 2180 1075 2212 concessisse
1102 2179 1173 2212 Deo
1198 2182 1231 2212 et
1256 2180 1296 2212 B.
1322 2179 1369 2212 M.
1387 2183 1420 2213 et
1436 2181 1599 2213 monachis
1615 2182 1655 2213 de

174 2249 331 2281 MARGAN
348 2250 452 2280 VIJ‘em‘
477 2260 565 2280 aeras
588 2251 671 2281 terre
687 2260 767 2290 quas
789 2248 889 2281 habui
906 2249 945 2280 de
961 2248 1061 2281 libero
1077 2252 1262 2281 tenemento
1278 2260 1350 2281 meo
1366 2250 1453 2292 quod
1468 2250 1629 2292 adquisivi
1647 2275 1652 2281 .

327 2355 382 2381 3R
