1998 2724
356 170 418 201 602

952 439 1154 472 DLXXVI.

323 521 486 554 GRANT
517 521 583 554 BY
614 521 797 554 WRONU
829 520 914 554 BH,
942 520 1000 553 TO
1028 520 1239 553 MARGAM
1269 521 1433 554 ABBEY
1465 521 1524 553 OF
1555 521 1689 554 LAND
1721 521 1783 554 AT

898 589 1205 622 GRETHULLE.

856 671 1032 714 [MARGAM
1058 670 1253 714 OHARTER]

664 753 775 785 FEAST
799 763 839 784 OF
863 752 919 786 SS.
946 752 1082 784 Fama
1108 763 1177 784 ΑΜ)
1201 752 1400 785 SEBASTIAN.
1486 753 1528 784 20
1544 752 1623 785 JAN.
1652 753 1744 785 1253.

355 824 389 856 N
392 823 516 856 overint
534 822 674 855 universi
691 833 820 864 presens
836 822 991 863 seriptum
1008 822 1108 854 visuri
1127 822 1178 854 vel
1200 822 1343 854 audituri
1367 823 1453 864 quod
1477 833 1537 864 ego
1561 821 1699 854 WRONU
1723 822 1789 854 BIL

310 893 474 926 invadiavi
506 894 586 924 duas
616 903 705 924 acras
727 896 810 923 terre
833 903 903 923 mee
930 917 935 922 .
961 891 1071 923 abbati
1101 894 1134 923 et
1160 892 1333 924 conventui
1357 891 1396 923 de
1421 891 1575 923 MARGAN
1600 902 1658 933 pro
1681 891 1790 923 decem

310 963 419 995 solidis
437 988 443 994 .
461 974 523 1004 que
539 962 647 1004 jacent
663 961 696 993 in
715 961 919 993 eminentiori
936 961 1004 992 loeo
1020 961 1139 992 montis
1155 971 1216 1002 que
1232 960 1350 992 dieitur
1367 960 1581 992 GRETHULLF.
1608 985 1615 991 .
1640 960 1790 992 videlieet

308 1033 393 1064 inter
409 1035 526 1063 terram
543 1031 703 1062 dictorum
720 1029 845 1062 abbatis
861 1033 892 1061 et
909 1031 1085 1061 conventus
1100 1030 1139 1061 de
1155 1028 1311 1060 MARGAN
1328 1040 1437 1061 versus
1453 1032 1598 1060 austrum
1614 1030 1646 1060 et
1669 1030 1788 1060 terram

308 1101 497 1134 WILLELm
521 1100 627 1132 cleriei
644 1100 702 1131 filii
726 1099 936 1131 Amxmmu
971 1124 976 1130 .
1013 1098 1195 1131 habendam
1230 1100 1261 1130 et
1296 1099 1470 1130 tenendam
1503 1098 1544 1129 ad
1579 1097 1755 1130 terminum
1779 1123 1785 1129 .

306 1170 425 1213 viginti
441 1181 601 1202 annorum
616 1169 715 1201 libere
733 1195 739 1200 .
758 1169 865 1211 quiete
891 1195 896 1200 .
923 1172 955 1200 et
978 1167 1107 1210 pacifice
1132 1178 1205 1200 oum
1229 1167 1377 1199 omnibus
1396 1167 1602 1209 pertinenciis
1629 1167 1694 1198 illis
1720 1193 1726 1198 .
1755 1168 1788 1198 et

306 1240 516 1282 aysiamentis
531 1239 684 1271 solvendo
701 1238 799 1270 miehi
816 1238 866 1270 vel
889 1237 1061 1270 heredibus
1084 1237 1163 1269 meis
1188 1237 1326 1279 singulis
1351 1237 1445 1268 annis
1471 1237 1512 1268 ad
1536 1235 1661 1268 Pascha
1684 1247 1787 1267 unum

306 1310 476 1342 denarium
500 1309 655 1351 quamdiu
687 1309 807 1340 dietam
837 1310 956 1339 terram
986 1306 1160 1339 tenuerint.
1210 1305 1253 1354 Et
1285 1306 1450 1337 sciendum
1482 1305 1569 1347 quod.
1599 1305 1626 1337 si
1649 1316 1710 1347 ego
1734 1304 1785 1337 vel

305 1379 438 1411 heredes
461 1378 524 1410 mei
548 1378 668 1410 dictam
690 1380 809 1409 terram
831 1377 872 1408 ad
897 1376 1072 1408 terminum
1100 1375 1259 1418 prefixum
1283 1386 1347 1407 non
1372 1374 1664 1417 acquietaverimus
1681 1399 1687 1405 .
1705 1374 1784 1405 dieti

305 1447 404 1480 abbas
420 1451 452 1479 et
468 1451 644 1479 conventus
660 1447 796 1478 eandem
812 1449 931 1478 terram
947 1445 1047 1477 libere
1063 1444 1270 1487 possidebunt
1288 1470 1293 1475 .
1313 1444 1414 1475 donee
1429 1443 1507 1475 dieti
1523 1443 1634 1475 decem
1651 1442 1744 1474 solidi
1767 1453 1786 1474 a

304 1528 355 1549 me
372 1520 403 1548 et
419 1517 470 1549 vel
480 1515 652 1548 heredibus
661 1516 741 1548 meis
751 1515 871 1547 eisdem
881 1515 1024 1557 plenarie
1037 1513 1157 1546 fuerint
1166 1513 1329 1555 persoluti.
1356 1512 1430 1545 Hoc
1442 1512 1573 1555 insuper
1585 1511 1784 1544 considerato

305 1587 391 1628 quod
407 1586 433 1618 si
449 1586 527 1618 dicffi
544 1585 642 1618 abbas
657 1588 690 1616 et
701 1588 878 1617 conventus
894 1585 1002 1626 aliquo
1018 1583 1113 1615 modo
1137 1583 1257 1614 dietam
1281 1587 1399 1613 terram
1425 1580 1665 1613 melioraverint
1691 1606 1697 1611 .
1726 1591 1786 1623 ego

305 1656 355 1687 vel
373 1655 504 1686 heredes
520 1654 583 1686 mei
600 1665 673 1685 eum
690 1654 826 1685 eandem
842 1652 1130 1695 aequietaverimus
1153 1662 1210 1694 pro
1233 1650 1528 1693 recompensatione
1552 1649 1785 1682 melioracionis

305 1725 350 1756 eis
378 1723 641 1766 respondebimus
676 1749 681 1754 .
719 1722 820 1754 Facta
854 1725 962 1754 autem
995 1721 1060 1753 fuit
1082 1720 1140 1752 hee
1164 1720 1335 1752 eonvenoio
1359 1730 1444 1751 anno
1468 1719 1603 1751 Domini
1628 1744 1633 1750 .
1661 1724 1704 1750 ΜΟ·
1724 1723 1777 1750 cc0-

306 1793 574 1836 quinquagesimo
605 1793 702 1824 tercio
749 1819 754 1823 .
803 1791 844 1823 In
877 1791 957 1823 festo
988 1790 1156 1822 beatorum
1188 1789 1336 1820 FABmm
1373 1794 1403 1820 et
1439 1789 1641 1820 sEnAsrmm
1682 1798 1787 1820 eoram

307 1862 484 1895 WAL'rEizo
502 1861 622 1893 LUVEL
641 1887 646 1893 .
666 1861 792 1893 Tuom
815 1860 960 1893 GnAMUs
986 1885 992 1891 .
1016 1859 1080 1891 PH.
1110 1859 1150 1890 de
1175 1857 1336 1890 CORNELY
1366 1884 1371 1889 .
1399 1857 1596 1890 WILLELMO
1622 1856 1785 1888 FRANKE-

308 1943 387 1963 mem
408 1957 413 1963 .
434 1931 497 1962 PH.
515 1931 627 1963 clerieo
646 1956 652 1962 .
672 1930 847 1963 WALTERO
865 1929 1007 1962 Aesim.
1056 1928 1097 1960 In
1115 1927 1208 1970 eujus
1223 1927 1269 1959 rei
1285 1927 1507 1959 testimoninm
1524 1937 1584 1969 ego
1597 1925 1759 1968 predictus
1777 1950 1783 1956 .

308 2000 444 2032 Wnoxo
461 2000 526 2031 ΒιιΔ
543 2000 683 2042 presenti
701 1999 817 2041 scripto
834 1998 978 2041 sigillum
995 2008 1103 2029 meum
1119 1996 1264 2039 apposui.

352 2068 425 2101 Seal
442 2069 475 2100 in
492 2069 572 2100 durk
592 2080 673 2106 wax,
690 2080 724 2099 as
741 2068 773 2099 in
791 2067 846 2099 the
863 2067 954 2099 other
971 2067 1096 2098 chax-ter
1113 2065 1156 2107 by
1174 2064 1228 2097 W.
1247 2064 1311 2096 Bil.

351 2138 575 2170 Endorsed-—‘
590 2138 688 2170 Carta
704 2137 832 2170 Wronu
849 2136 903 2168 Bil
921 2137 960 2168 de
976 2135 1101 2167 duabus
1118 2134 1198 2166 aeris
1213 2133 1318 2172 terre‚'
1336 2133 1402 2165 also
1419 2135 1426 2148 ‘
1441 2131 1623 2174 Keuefige.’
