1998 2724
1520 165 1583 196 553

195 328 390 377 Courruns
414 338 459 359 DE
487 326 705 359 GLAMORGAN
730 337 822 358 APUD
849 325 988 358 STALUR’
1005 336 1064 358 DIE
1085 336 1177 358 LUNE
1202 335 1356 357 PRomMA
1381 334 1471 355 ANTE
1497 333 1628 355 FESTUM

150 376 377 430 NuiJiTAiOE
403 395 444 428 B.
470 395 518 428 M.
544 395 649 427 Amo
680 394 815 427 EODEM.
862 394 1007 427 Tnoms
1033 395 1073 427 de
1099 393 1212 426 Sum(
1238 395 1420 426 attornatus
1445 392 1570 425 comitis
1596 394 1629 424 et

149 466 182 499 S.
208 466 351 498 Bmcm
378 468 411 498 et
438 464 583 497 'PnoMAs
610 465 650 496 de
665 463 919 496 BELLo-CAMPO
935 466 1184 506 comparuerunt
1202 462 1267 506 [et]
1286 462 1456 505 proferunt
1472 473 1504 494 se
1520 471 1629 493 versus

151 536 275 568 dictum
299 534 486 567 RIGARDUM
511 533 660 566 SYWARD
685 535 718 566 et
741 533 904 575 petierunt
929 534 1099 566 recordum
1114 535 1147 566 et
1169 532 1329 576 judicium
1345 532 1385 564 de
1412 530 1631 574 appellaoione

151 604 241 647 prius
264 603 351 636 facta
366 614 461 646 super
487 603 611 635 dictum
638 602 680 634 R.
697 602 730 635 S.
745 603 786 634 de
802 602 923 635 felonia
946 605 979 634 et
994 602 1179 635 seductione
1195 613 1251 644 per
1266 601 1389 634 dictum
1413 600 1630 633 STEPHANUM

152 674 305 706 BchEN
329 676 362 706 et
377 673 500 706 dictum
527 672 684 705 ΤΗοΜΑΜ
699 672 739 705 de
764 671 886 704 B.—O.
933 671 1103 704 Predictus
1125 671 1167 704 R.
1185 671 1333 704 SYWARD
1349 670 1414 703 fuit
1437 672 1487 702 ter
1502 672 1633 703 vocatus

153 743 235 776 sicut
249 743 305 775 ille
321 743 377 786 qui
393 742 574 786 appellatus
590 742 654 775 fuit
670 742 710 774 de
727 741 847 774 felonia
863 744 895 774 et
919 742 1104 774 seductione
1122 741 1247 773 comitis
1263 743 1295 773 et
1317 752 1383 773 non
1399 740 1488 772 venit
1504 742 1536 772 et
1547 739 1633 782 quod

154 824 221 845 non
237 812 326 844 venit
342 812 406 844 fuit
421 811 564 854 primum
579 812 747 844 recordum
762 811 798 843 in
822 811 918 854 pleno
942 811 1098 843 comitatu
1121 813 1154 843 et
1176 811 1244 843 dies
1266 811 1363 843 datur
1385 810 1481 842 dictis
1506 809 1634 841 Tuom

155 883 195 915 de
220 881 333 914 Sum
356 883 519 914 attornato
543 881 669 913 comitis
693 883 726 913 et
753 880 786 913 S.
804 880 948 913 BAUOEN
974 886 1007 913 et
1032 880 1159 912 Tuom
1183 880 1223 912 de
1245 879 1369 912 B.-G.
1387 880 1429 911 ad
1451 879 1636 922 proximum

154 952 344 985 comitatum
370 953 557 994 sequentem
573 953 605 983 et
621 950 698 993 quia
723 949 900 982 Rxcinnus
916 949 1065 982 SYWARD
1080 961 1146 982 non
1163 949 1253 982 venit
1268 949 1393 992 positus
1409 949 1474 981 fm't
1489 948 1524 980 in
1540 948 1637 980 tertia

154 1021 315 1053 demanda
330 1020 507 1052 secundum
522 1020 611 1062 leges
626 1022 658 1052 et
675 1019 925 1051 consuetudines
943 1019 1057 1061 patrie.

198 1089 392 1122 Com'rATth
416 1101 459 1121 DE
484 1088 712 1122 GLAMORGAN.
759 1088 863 1120 Apm)
888 1088 1050 1120 SANCTUM
1067 1087 1280 1120 NICHOLAUM
1297 1099 1356 1119 Dm
1374 1098 1465 1119 LUNE
1483 1097 1638 1119 PROXIMA

158 1170 235 1191 Posr
252 1170 383 1191 FESTUM
399 1157 542 1191 Smoms
559 1169 600 1190 ET
615 1158 638 1191 J
640 1169 708 1190 ΗΒΕ
726 1169 818 1190 ANNO
836 1158 876 1190 R.
895 1157 936 1190 R.
955 1158 1007 1189 30.
1029 1157 1087 1200 [30
1106 1157 1175 1189 Oct.
1196 1156 1309 1200 1245]

202 1228 347 1260 THOMAS
385 1229 425 1260 de
467 1227 578 1261 SULLY
607 1230 791 1260 attornatus
822 1227 947 1260 comitis
982 1230 1014 1260 et
1044 1227 1249 1259 STEPHAms
1280 1226 1431 1259 Bchm
1465 1228 1497 1258 et
1527 1224 1566 1257 Τ.
1598 1225 1638 1257 de

161 1297 414 1330 BELLo-OAMPO
444 1299 695 1339 comparuerunt
717 1296 782 1340 [et]
809 1297 979 1340 proferunt
1003 1308 1035 1328 se
1062 1307 1172 1328 versus
1199 1296 1322 1328 dictum
1357 1295 1399 1327 R.
1431 1296 1581 1326 SYWARD
1610 1296 1643 1326 et

161 1367 327 1409 petierunt
363 1366 530 1399 recor-dum
561 1368 594 1398 et
623 1365 783 1408 judicium
814 1366 883 1408 jam
915 1369 1030 1408 quarto
1060 1366 1099 1397 de
1131 1365 1350 1408 appellacione
1381 1375 1473 1406 saper
1503 1364 1644 1396 eundem

162 1435 203 1468 R.
235 1435 384 1468 SYWARD
414 1435 502 1467 facta
527 1436 568 1468 de
599 1435 720 1467 felonia
751 1438 784 1467 et
814 1435 1001 1467 seduecione
1032 1434 1157 1467 comitis
1189 1434 1294 1466 dictus
1330 1433 1371 1466 R.
1398 1433 1547 1466 SYWARD
1578 1432 1644 1465 fuit

161 1507 211 1537 ter
226 1507 356 1537 vocatus
371 1505 453 1537 sicut
467 1504 523 1536 isse
544 1505 600 1547 qm'
622 1504 804 1547 appellatus
824 1505 890 1536 fuit
909 1505 949 1537 de
972 1504 1094 1537 felonia
1113 1506 1145 1536 et
1166 1504 1351 1536 seductione
1377 1503 1502 1535 comitis
1524 1504 1555 1535 et
1577 1513 1644 1535 non

162 1574 252 1606 venit
274 1573 377 1616 primo
400 1573 555 1606 comitatu
578 1585 636 1606 nec
659 1574 798 1606 secundo
818 1585 878 1606 nec
902 1574 997 1606 tertio
1022 1585 1080 1606 nec
1106 1576 1220 1616 quarto
1243 1585 1302 1606 nec
1326 1573 1442 1615 aliquis
1466 1572 1522 1615 qui
1537 1572 1645 1614 ipsum

163 1645 391 1685 manucaperet
406 1643 492 1675 unde
507 1643 676 1675 recordum
692 1643 732 1675 de
747 1643 864 1675 comite
879 1643 913 1675 in
935 1643 1090 1676 comitatu
1106 1643 1230 1675 factum
1246 1642 1447 1686 adjudicavit
1471 1642 1643 1674 comitatus

163 1712 286 1744 dictum
296 1711 337 1743 R.
350 1711 497 1743 SYWARD
513 1723 580 1744 esse
595 1712 793 1754 wayviatum
809 1713 850 1744 de
866 1713 1021 1744 comitatu
1037 1715 1069 1744 et
1085 1714 1234 1744 vocatum
1248 1710 1517 1744 WOLVESHEVED
1533 1714 1565 1743 et
1581 1711 1646 1743 fuit

162 1781 197 1813 in
214 1783 330 1823 quarta
345 1781 505 1813 demanda
520 1781 700 1823 wayviatus
715 1783 747 1814 et
763 1781 822 1814 hoc
839 1782 1015 1814 secundum
1032 1781 1300 1814 consuetudinem
1316 1783 1348 1812 et
1370 1780 1521 1823 usagium
1536 1779 1642 1822 patrie

163 1851 202 1883 de
219 1850 447 1883 (immonem.
513 1849 560 1882 Et
582 1850 624 1882 ad
641 1850 822 1893 predictum
843 1851 930 1883 diem
957 1862 1020 1893 quo
1046 1850 1165 1882 milites
1194 1852 1353 1882 venerunt
1377 1851 1409 1881 et
1428 1849 1644 1882 testificabant

167 1919 351 1962 [recordum
367 1918 472 1961 venit]
490 1919 653 1961 predictus
668 1919 844 1952 Rmnums
858 1920 915 1962 [et]
929 1920 1047 1952 obtulit
1060 1931 1092 1951 se
1106 1930 1217 1951 versus
1229 1919 1410 1961 predictum
1421 1918 1462 1950 R.
1474 1919 1514 1950 de
1527 1917 1643 1950 Omna

163 1988 312 2020 comitem
329 1986 454 2019 GLouc'
470 1990 502 2020 et
529 1988 596 2030 ipse
618 2000 684 2021 non
707 1989 798 2021 venit
820 1992 879 2021 etc.
926 1988 1027 2020 Unde
1046 1991 1193 2031 precatus
1208 1987 1272 2020 fuit
1289 1986 1480 2030 viee[00mes
1496 1988 1536 2019 de
1554 1986 1643 2019 GLA-

163 2057 319 2097 MORGAN]
337 2056 530 2098 distringere
545 2068 620 2089 eum
635 2059 693 2089 etc.
708 2057 755 2089 ita
765 2058 852 2100 quod
864 2057 996 2090 haberet
1010 2069 1123 2099 corpus
1139 2057 1211 2099 ejus
1223 2059 1281 2088 etc.
1296 2056 1467 2088 auditurus
1476 2056 1643 2088 reeordum

162 2130 194 2159 et
224 2125 385 2168 judicium
415 2136 511 2167 supra
536 2125 698 2167 predictis.
745 2125 790 2159 Et
817 2126 904 2159 idem
930 2127 998 2158 dies
1023 2126 1120 2158 datur
1144 2125 1288 2168 predicto
1312 2124 1468 2156 R1cAR1>o
1493 2123 1643 2156 SYWARD

155 2196 197 2228 ad.
219 2206 316 2237 quem
338 2194 424 2226 diem
446 2196 605 2226 venerunt
634 2197 743 2237 partes
773 2197 804 2227 et
832 2206 937 2227 coram
964 2194 1010 2227 eis
1033 2195 1153 2227 lectum
1180 2193 1244 2225 fuit
1268 2193 1448 2236 predictum
1475 2193 1643 2225 recol-dum

162 2268 194 2298 et
209 2264 371 2307 quesitum
387 2263 452 2295 fuit
466 2263 507 2295 de
525 2289 661 2295 ......
678 2265 846 2296 recordum
862 2264 927 2296 tale
942 2264 1007 2296 fuit
1023 2266 1055 2296 et
1078 2263 1104 2295 si
1127 2263 1299 2295 voluerunt
1321 2261 1438 2294 habere
1462 2261 1642 2304 predictum

317 2370 371 2397 31]
