1998 2724
400 174 464 206 704

358 332 554 375 burgagium
567 330 680 373 prioris
692 330 732 362 de
742 328 881 361 Kmmr
893 327 1059 370 pertinens
1071 328 1112 359 ad
1122 327 1288 360 abbaciam
1299 326 1555 359 TEWKESBURIE
1565 337 1605 358 ex
1615 328 1706 368 parte
1715 325 1836 358 boreali

359 404 390 433 et
400 400 597 443 burgagium
609 399 695 441 qued
708 398 769 430 fuit
782 397 945 440 quondam
956 396 1145 429 WlLLELMI
1158 396 1196 428 de
1207 395 1385 428 LANRnun
1395 395 1539 429 tinctoris
1552 407 1590 427 ex
1603 397 1694 437 perte
1704 395 1837 427 australi

359 482 416 513 pro
441 472 579 512 quatuor
606 468 720 500 marcis
745 467 973 508 sterlingorum
1001 465 1081 497 mihi
1107 464 1313 508 premanibus
1336 464 1514 507 persolutis.
1572 463 1774 496 Habendum
1805 466 1837 495 et

355 539 532 571 tenendum
557 537 617 569 sibi
636 539 668 568 et
691 535 862 567 heredibus
886 535 951 566 suis
972 534 1024 567 vel
1048 534 1112 566 suis
1133 534 1304 577 assignatis
1325 535 1365 566 de
1383 545 1435 566 me
1456 537 1488 565 et
1503 533 1675 566 heredibus
1690 533 1769 565 meis
1785 533 1836 564 vel

357 608 436 640 meis
453 606 624 649 assignatis
639 605 737 637 libere
754 607 785 636 et
802 604 910 646 quiete
925 603 1051 646 integre
1068 606 1100 636 et
1123 603 1204 635 bene
1227 603 1261 634 in
1285 614 1360 645 pace
1385 605 1416 636 et
1438 602 1613 635 honorifice
1631 602 1667 634 in
1688 601 1837 634 omnibus

358 678 435 710 loeis
450 688 522 709 cum
539 675 687 708 omnibus
704 673 900 706 aisiamentis
917 675 949 705 et
964 672 1167 705 libertatibus
1184 672 1269 704 dicto
1290 671 1451 714 burgagio
1466 671 1703 714 pertinentibus
1720 670 1838 712 absque

360 746 426 779 ullo
450 745 513 778 mei
533 745 584 776 vel
603 744 757 776 heredum
780 754 925 775 meorum
945 744 1174 775 retenemento.
1227 741 1403 774 Reddendo
1424 741 1500 773 inde
1516 740 1686 773 annuatim
1705 741 1743 772 de
1760 751 1792 772 se
1808 741 1840 772 et

359 815 530 849 heredibus
557 815 621 846 suis
648 813 698 845 vel
726 813 791 845 suis
819 811 990 855 assignatis
1017 811 1147 843 domino
1176 810 1305 853 capitali
1332 810 1407 842 ville
1436 811 1476 842 de
1503 809 1643 842 Kmmm
1672 809 1840 842 duodecim

360 885 506 919 denarios
523 883 751 926 sterlingorum
767 882 809 914 ad
825 883 963 924 quatuor
979 880 1057 913 anni
1073 880 1227 912 terminos
1242 879 1434 922 principales
1454 881 1549 921 prout
1569 877 1715 911 debitum
1736 880 1784 910 est
1806 878 1841 910 in

360 956 437 989 villa
453 956 493 987 de
517 953 656 986 KERDIF
681 952 813 984 reddere
837 953 867 982 et
891 952 1078 982 consuetum
1100 960 1157 991 pro
1180 949 1268 981 omui
1288 948 1419 980 servicio
1442 947 1607 980 exactione
1623 949 1655 979 et
1671 948 1840 980 demanda.

364 1025 410 1058 Et
426 1036 485 1068 ego
502 1023 718 1056 errrimvs
738 1021 962 1053 BALDEWYNE
979 1022 1010 1051 et
1029 1019 1162 1051 heredes
1178 1018 1240 1050 mei
1251 1018 1373 1050 dictum
1385 1017 1581 1060 burgagium
1600 1028 1674 1049 cum
1695 1016 1843 1049 omnibus

360 1095 424 1128 suis
445 1092 651 1137 pertinenciis
682 1094 714 1123 et
745 1089 948 1122 libertatibus
978 1091 1073 1131 prout
1101 1087 1363 1131 prenominatum
1394 1089 1442 1119 est
1471 1086 1556 1119 dicto
1586 1085 1608 1119 J
1611 1097 1746 1118 OHANNI
1776 1086 1842 1118 filio

360 1165 381 1198 J
384 1174 535 1196 OHANNIS
551 1164 583 1194 et
598 1160 769 1194 heredibus
785 1160 850 1192 suis
863 1159 914 1190 vel
931 1158 997 1191 suis
1012 1157 1184 1201 assignatis
1197 1159 1308 1189 eontra
1324 1167 1433 1188 omnes
1448 1156 1594 1188 homines
1609 1158 1639 1188 et
1655 1155 1794 1187 feminas
1808 1156 1842 1187 in

361 1236 552 1277 perpetuum
568 1229 848 1264 warantizabimus
860 1228 1114 1271 acquietabimus
1130 1230 1163 1259 et
1173 1227 1394 1259 defendemus
1441 1225 1487 1258 Et
1502 1228 1539 1257 ut
1551 1225 1609 1258 hec
1624 1236 1696 1257 mea
1711 1225 1844 1257 donacio

359 1307 392 1337 et
417 1302 574 1336 concessio
601 1303 673 1333 rata
697 1300 739 1332 sit
763 1301 796 1331 et
821 1299 914 1331 firma
941 1297 1081 1341 presenti
1107 1299 1193 1329 carta
1218 1295 1318 1338 sigilli
1340 1295 1403 1327 mei
1424 1294 1666 1337 impressionem
1688 1295 1767 1326 duxi
1788 1305 1843 1337 ap-

360 1373 553 1416 ponendam.
602 1369 680 1402 Hiis
707 1368 842 1401 testibus
875 1393 881 1400 .
912 1367 1108 1400 WILLELMO
1140 1365 1292 1399 WALLOT
1320 1390 1326 1396 .
1363 1364 1539 1396 Wsmfflo
1567 1364 1808 1396 CORNUBIENSE
1836 1389 1841 1395 .

363 1443 558 1477 WILLELMO
580 1441 620 1472 de
641 1439 822 1472 memn
847 1464 853 1470 .
880 1436 1059 1470 WALTERO
1074 1436 1253 1468 Pmmzvm
1272 1461 1278 1466 .
1297 1433 1459 1466 Romam
1476 1433 1662 1466 Ootswmffl
1681 1460 1686 1465 .
1706 1433 1847 1465 Rommo

363 1512 510 1546 SEWALD
529 1537 534 1542 .
553 1510 720 1543 JOHANNE
739 1508 912 1541 Rmmom
929 1509 961 1539 et
976 1506 1056 1538 aliis.

989 1676 1222 1709 DOXLVIII.

368 1763 558 1798 ROBERT
589 1760 821 1795 THURGOT
853 1758 1040 1792 GRANTS
1070 1758 1204 1791 LAND
1236 1757 1289 1790 IN
1328 1757 1427 1790 THE
1469 1757 1561 1790 FEE
1593 1757 1651 1790 OF
1690 1757 1847 1789 GOGAN

771 1829 830 1863 ΤΟ
869 1828 1091 1863 WILLIAM
1129 1827 1194 1861 DE
1234 1827 1446 1860 RENGNY.

871 1911 976 1955 [Ano.
1002 1910 1179 1950 ΟΗΑΒΤΕΒ,
1203 1908 1350 1952 24‚250.]
1727 1907 1806 1940 SD.

415 1999 525 2032 Sciant
542 1999 703 2040 presentes
720 1998 751 2027 et
768 1995 870 2026 futuri
892 1994 977 2035 quod
993 2004 1053 2036 ego
1071 1993 1251 2025 Ronanus
1268 1991 1437 2023 THURGOT
1453 1990 1527 2023 dedi
1544 1993 1576 2023 et
1591 1990 1728 2023 concessi
1744 1994 1776 2022 et
1791 1990 1850 2022 hac

370 2069 509 2113 presenti
527 2070 614 2100 carta
629 2077 698 2098 mea
717 2064 901 2097 confirmavi
920 2064 1113 2095 NVILLELMO
1137 2062 1176 2093 de
1196 2061 1346 2094 Rumam
1361 2062 1463 2092 totam
1484 2062 1603 2092 terram
1626 2070 1731 2092 meum
1754 2071 1851 2101 quam

372 2138 463 2171 tenui
478 2138 512 2169 in
529 2136 622 2168 feodo
639 2135 679 2166 de
696 2134 812 2166 COGAN
830 2144 892 2174 que
908 2131 994 2174 jacet
1010 2142 1067 2173 pro
1083 2132 1153 2162 octo
1170 2130 1249 2162 acris
1265 2140 1338 2161 cum
1354 2128 1503 2161 omnibus
1518 2128 1724 2171 pertinenciis
1739 2128 1804 2159 suis
1819 2131 1851 2160 et

372 2205 575 2240 libertatibus
596 2204 670 2237 suis.
720 2203 867 2238 Quarum
887 2212 961 2233 vero
985 2200 1128 2242 quinque
1148 2211 1218 2232 acre
1239 2199 1348 2241 jacent
1369 2209 1465 2240 supra
1482 2200 1626 2230 montem
1649 2199 1681 2229 et
1699 2199 1763 2229 tres
1782 2208 1852 2229 aore

371 2277 478 2320 jacent
491 2275 531 2306 ad
542 2284 631 2306 mm·
637 2284 655 2305 U
661 2284 684 2304 tu
696 2282 861 2304 crxsrmiw
867 2282 889 2302 M
904 2271 936 2303 et
946 2270 986 2303 ad
997 2270 1160 2312 quendam
1170 2269 1276 2301 locum
1287 2268 1342 2310 qui
1354 2267 1494 2310 Anglice
1506 2268 1637 2299 vocatur
1649 2265 1704 2299 ΥΕ
1718 2265 1753 2298 S1
1759 2277 1851 2297 πη.
