1998 2724
1553 136 1615 167 393

187 296 346 329 testibus.
364 295 495 328 domino
519 295 660 327 Romo
684 295 798 327 abbate
822 296 862 327 de
887 295 1041 327 MARGAN
1060 320 1066 326 .
1084 294 1215 327 domino
1238 293 1388 325 URBANO
1411 293 1633 325 archidiacono
1652 319 1657 324 .

188 365 227 398 G.
253 365 414 398 sacerdote
439 390 445 396 .
471 363 590 396 Ham
614 364 726 396 elerico
751 391 756 396 .
777 364 954 397 WAerzo
977 363 1149 407 prepositio
1172 389 1178 395 .
1197 362 1313 395 DAvm
1337 362 1440 394 an’
1461 361 1613 405 [Pomm
1626 362 1657 405 P]

190 434 386 468 WILLELMO
416 433 540 465 ALEWI
573 459 578 464 .
612 432 804 465 HERBERTO
827 433 919 465 Loc.
946 433 1115 465 IoRWERn
1140 459 1145 465 .
1172 433 1235 465 R1s
1258 432 1324 465 filio
1348 432 1460 464 OENEI
1487 457 1492 463 .
1519 430 1661 463 Roomm

187 503 330 535 AIPHAN
350 529 355 534 .
377 505 410 535 et
425 502 536 534 multis
551 501 631 534 aliis.

231 571 305 604 Seal
321 572 355 604 of
377 571 518 614 Morgan
534 571 568 603 in
584 571 640 603 red
656 582 737 610 wax,
753 572 841 613 2511.
860 572 955 604 diam.
1002 571 1197 614 Equestrian
1213 574 1300 614 type.

537 647 543 656 ⁴
561 646 592 677 ÷
614 651 704 672 SIGIL
722 666 729 672 .
748 666 754 672 .
774 666 779 671 .
800 651 941 672 MARGAN
962 667 1122 674 .......
1144 640 1309 673 ARAD001.'

232 709 612 742 Endorsed—‘Donaeio
633 709 786 753 Mor-gani
811 709 939 752 Rogero
963 709 1079 749 Cole';
1103 710 1168 742 and
1190 710 1282 749 later,
1300 709 1353 741 ‘in
1376 709 1519 742 dominio
1542 720 1598 741 suo
1622 708 1662 740 de

185 778 280 812 Novo
297 778 458 812 Caster.’

476 848 557 877 Roget
570 849 627 871 cole
639 849 659 871 is
671 848 781 878 possibly
793 848 834 871 the
847 848 949 877 English
963 849 1060 871 seribe's
1072 850 1167 871 version
1180 849 1204 870 of
1223 848 1304 876 Roger
1316 847 1373 870 Coh.

816 1357 1028 1391 OCCXOIX.

188 1439 351 1473 GRANT
382 1440 447 1473 BY
478 1440 639 1473 ROGER
669 1440 789 1473 OOLE
819 1440 879 1472 OF
906 1440 1061 1473 SEVEN
1088 1439 1238 1473 AORES
1265 1439 1327 1473 AT
1355 1439 1659 1480 NEWOASTLE,

667 1509 726 1542 To
757 1509 968 1542 MARGAM
998 1509 1171 1542 ABBEY.

724 1591 899 1635 [MARGAM
919 1591 1114 1634 Culmum]

227 1672 397 1705 Universis
412 1671 529 1706 Sancte
544 1674 672 1707 ecclesie
688 1675 763 1707 filiis
779 1675 820 1707 ad
836 1686 915 1717 quos
930 1685 1058 1717 presens
1074 1674 1226 1716 seriptum
1247 1674 1428 1716 pervenerit
1445 1700 1450 1705 .
1470 1673 1631 1706 Romanos
1648 1699 1655 1706 .

181 1741 271 1774 Com:
288 1768 295 1774 .
312 1742 457 1774 salutem.

224 1811 362 1843 Noverit
376 1811 567 1845 universitas
588 1815 693 1845 vestra
713 1824 765 1845 me
790 1813 914 1845 dedisse
941 1815 974 1844 et
998 1812 1185 1844 concessisse
1210 1811 1280 1844 Deo
1305 1814 1337 1844 et
1363 1812 1455 1844 beate
1476 1812 1596 1844 MARu:
1621 1814 1654 1844 et

180 1880 346 1912 monachis
366 1881 406 1913 de
429 1881 583 1913 MARGAN
609 1908 615 1914 .
640 1881 771 1914 consilio
795 1885 826 1914 et
849 1893 1003 1914 consensu
1026 1881 1148 1913 domini
1171 1881 1235 1913 mei
1258 1880 1425 1913 MORGANI
1449 1883 1481 1913 et
1504 1881 1653 1924 conjugis

178 1960 248 1982 mee
270 1953 302 1981 et
326 1949 465 1982 filiorum
488 1962 544 1993 pro
568 1951 670 1983 salute
693 1952 799 1983 anime
823 1962 892 1983 mee
909 1954 940 1983 et
961 1954 1196 1983 antecessorum
1211 1950 1250 1982 de
1265 1949 1366 1982 libero
1381 1952 1565 1982 tenemento
1580 1961 1651 1982 meo

179 2019 266 2061 apud
283 2018 484 2051 CASTELLUM
502 2031 621 2052 NOVUM
635 2046 640 2052 .
656 2031 716 2052 vn.
734 2032 823 2053 aeras
844 2021 877 2052 'm
891 2022 1079 2062 perpetuam
1089 2020 1296 2052 elemosinam
1311 2019 1445 2051 liberam
1461 2022 1494 2052 et
1507 2020 1651 2062 quietam

178 2087 218 2120 ab
233 2088 322 2120 omni
337 2088 465 2120 servitio
482 2092 514 2120 et
529 2089 664 2121 seculari
682 2089 847 2122 exactione
866 2116 871 2121 .
890 2090 971 2121 sicut
992 2089 1059 2121 ulla
1080 2089 1254 2121 elemosina
1269 2088 1401 2121 liberius
1415 2089 1518 2121 teneri
1534 2091 1647 2131 potest.

178 2155 224 2188 Et
240 2156 299 2189 hoe
314 2159 420 2189 totum
435 2158 716 2190 warantizabimus
731 2159 776 2190 eis
791 2170 851 2201 ego
867 2163 899 2190 et
914 2158 1046 2190 heredes
1062 2158 1125 2190 mei
1141 2158 1387 2200 imperpetuum.
1435 2157 1592 2190 Testibus.

219 2225 422 2258 Entitled—‘
434 2225 531 2259 Carta
547 2226 669 2270 Rogeri
684 2226 761 2260 Cole
776 2228 815 2259 de
833 2238 892 2259 vn.
910 2228 990 2259 acris
1006 2228 1092 2269 apud
1108 2226 1240 2259 Novum
1257 2225 1455 2259 Oastellum.⁷

324 2333 374 2358 2z
