1998 2724
1514 142 1576 172 405

142 302 321 334 Reddendo
337 301 535 333 solummodo
551 301 721 332 heredibus
738 301 816 332 meis
832 304 901 343 post
927 300 1089 331 decessum
1112 309 1220 330 meum
1244 299 1308 329 duo
1331 297 1465 329 calcaria
1488 296 1538 328 vel
1563 308 1616 328 sex

142 371 289 403 denarios
316 370 452 413 singulis
476 370 570 401 annis
597 370 637 401 ad
666 369 785 402 festum
813 370 922 401 Sancti
948 369 1144 401 MmHAELls
1170 378 1227 410 pro
1254 367 1341 399 omni
1373 366 1513 398 servicio.
1570 366 1614 397 Et

142 440 200 472 hec
224 440 333 471 omnia
360 439 421 471 feci
451 439 496 471 eis
527 440 657 480 quando
683 451 795 481 corpus
826 451 932 471 meum
965 439 1088 480 prefate
1118 438 1246 470 ecclesie
1274 436 1421 479 delegavi
1447 463 1452 467 .
1481 441 1516 467 ut
1547 447 1620 467 cum

142 512 287 541 mortuus
302 508 394 540 fuero
410 508 530 540 ibidem
546 508 728 550 sepeliatur.
777 508 821 540 Et
838 508 1002 540 sciendum
1019 507 1105 549 quod
1129 518 1188 549 ego
1212 505 1321 538 Esms
1344 506 1430 537 filius
1446 505 1618 537 CARADOCI

142 577 199 609 Du
236 604 241 609 .
276 582 308 609 et
338 577 469 609 heredes
499 577 562 608 mei
593 577 794 608 affidavimus
827 581 857 609 et
889 589 982 618 super
1013 576 1193 608 sanctuaria
1225 575 1352 607 ecclesie
1393 576 1432 607 de
1465 574 1618 606 MARGAN

141 647 321 689 juravimus
337 647 422 688 quod
439 645 521 677 hanc
537 646 747 677 donacionem
763 646 897 687 prefatis
912 646 1077 678 monachis
1093 644 1372 677 warantizabimus
1388 636 1498 676 contra
1510 655 1620 676 omnes

141 715 288 748 homines
308 716 342 748 in
360 720 562 758 perpetuum.
610 714 676 747 His
694 715 830 747 ‘restibus
858 741 863 747 .
888 715 980 747 VRIA
1006 715 1072 747 filio
1094 714 1200 748 Wmn
1225 741 1230 746 .
1257 713 1366 746 Espcs
1389 718 1420 746 et
1446 713 1621 745 GERcAsm

143 785 218 817 filiis
233 784 402 817 stTELET
419 810 425 816 .
444 784 617 816 MADAROD
634 784 700 815 filio
717 784 864 816 CHANAN
891 810 895 814 .
918 783 1114 816 WILLELMO
1136 784 1175 816 de
1199 783 1418 815 LicHESFELD
1437 809 1442 814 .
1461 783 1622 815 HENRICO

144 854 183 886 de
200 854 332 886 GARmF
348 853 512 886 monachis
528 854 567 885 de
584 853 738 885 MARGAN
757 856 787 885 et
805 853 1009 885 CNAtTHURo
1025 864 1185 884 converso.

188 922 411 955 Endorsed—‘
424 921 521 954 Carta
538 922 684 964 ejusdem
701 924 740 953 de
756 925 841 953 terra
858 921 1028 953 Peitevin.’

793 1092 980 1125 OGCOXV.

144 1174 467 1208 PROVISIONAL
515 1174 678 1207 GRANT
726 1174 791 1206 BY
839 1174 994 1213 ESPUS,
1045 1173 1134 1206 SON
1183 1173 1403 1206 OARADOC
1448 1173 1526 1211 DU,
1566 1173 1625 1205 OF

257 1244 355 1277 THE
386 1244 564 1277 WHOLE
597 1244 656 1276 OF
689 1243 769 1276 HIS
798 1243 1029 1275 PEITEVIN
1055 1242 1189 1275 LAND
1216 1242 1270 1275 IN
1298 1242 1492 1281 KENFIG,
1523 1242 1624 1275 AND

258 1313 421 1346 OTHER
450 1313 583 1346 LAND
615 1313 673 1345 ΤΟ
713 1313 925 1345 MARGAM
967 1311 1135 1344 ABBEY.

691 1395 865 1438 [MARGAM
895 1394 1087 1436 CHARTER]

193 1477 351 1510 Omnibus
366 1478 482 1510 Sancte
498 1478 626 1510 ecclesie
642 1477 717 1509 filiis
732 1477 933 1519 presentibus
950 1480 981 1508 et
997 1476 1117 1508 futuris
1137 1475 1246 1507 Espus
1269 1475 1355 1508 filius
1371 1475 1542 1508 CARADocl
1560 1475 1625 1507 Du.

149 1547 294 1580 salutem.

192 1616 307 1648 Sciatis
329 1627 378 1648 me
399 1616 585 1648 concessisse
609 1618 641 1647 et
664 1616 788 1648 dedisse
810 1620 841 1647 et
864 1615 1003 1656 presenti
1026 1617 1113 1646 easta
1132 1614 1332 1645 confirmasse
1355 1613 1425 1645 Deo
1445 1618 1475 1645 et
1498 1614 1627 1645 ecclesie

148 1684 402 1721 SancteMAms
419 1685 458 1716 de
479 1684 634 1716 MARGAN
655 1710 661 1716 .
679 1688 711 1716 et
735 1683 900 1716 monachis
921 1684 1041 1716 ibidem
1068 1683 1138 1715 Deo
1161 1683 1373 1715 servientibus
1388 1686 1491 1715 totam
1507 1686 1626 1715 terram

148 1765 254 1786 meam
271 1765 368 1796 quam
383 1753 482 1786 habui
498 1755 538 1786 de
554 1754 653 1786 feudo
670 1754 842 1798 Pamisum
867 1754 901 1784 in
925 1753 1085 1785 territorio
1104 1753 1144 1785 de
1167 1752 1338 1784 KENEFEG
1362 1752 1396 1783 in
1420 1752 1627 1784 elemosinam

149 1823 283 1855 liberam
321 1826 354 1854 et
391 1822 533 1864 quietam
571 1823 611 1855 ab
647 1823 734 1855 omm'
766 1809 900 1854 seculari
931 1822 1162 1854 consuetudine
1193 1827 1225 1853 et
1255 1821 1421 1853 exactione
1449 1821 1529 1853 sicut
1560 1821 1628 1853 ulla

148 1891 322 1925 elemosina
348 1891 479 1924 liberius
503 1892 605 1924 teneri
633 1896 737 1934 potest
764 1917 770 1922 .
799 1891 962 1923 reddendo
990 1891 1159 1922 annuatim
1190 1890 1271 1922 mihi
1298 1894 1330 1922 et
1355 1890 1525 1922 heredibus
1550 1891 1629 1923 meis

148 1961 386 2003 imperpetuum
398 1960 598 1993 solummodo
608 1961 777 1993 dimidiam
790 1972 928 1992 marcam
946 1971 1002 2001 pro
1016 1960 1104 1991 omni
1118 1960 1257 1991 servicio.
1307 1958 1352 1991 Et
1361 1959 1527 1991 sciendum
1543 1960 1628 2001 quod

150 2030 185 2062 in
206 2029 302 2061 inicio
323 2029 422 2071 hujus
441 2029 626 2061 donacionis
647 2030 753 2071 accepi
772 2041 828 2072 pre
851 2028 1000 2061 manibus
1020 2029 1148 2060 firmam
1170 2040 1215 2060 VI.
1236 2040 1395 2060 annorum
1419 2028 1537 2060 scilicet
1557 2035 1628 2060 111²*

150 2110 272 2131 marcas
283 2122 290 2130 .
303 2098 388 2129 unde
407 2098 467 2140 ipsi
490 2097 639 2130 monachi
661 2098 762 2140 quieti
784 2102 858 2129 sunt
880 2109 981 2139 usque
996 2098 1037 2129 ad
1054 2100 1182 2130 tantum
1198 2098 1373 2130 terminum
1389 2098 1625 2139 perimpletum.

150 2167 195 2199 Et
215 2167 379 2199 sciendum
402 2167 488 2208 quod
509 2167 535 2198 si
557 2167 727 2209 contigerit
753 2179 804 2199 me
828 2168 909 2199 mori
934 2170 1108 2209 antequam
1133 2166 1282 2198 heredem
1308 2166 1443 2199 habeam
1465 2167 1504 2197 de
1529 2178 1628 2198 uxore

147 2248 220 2268 mea
244 2236 311 2268 filia
336 2235 418 2268 Ram
442 2235 501 2267 filii
519 2235 643 2268 JOWAN
666 2260 672 2267 .
695 2239 797 2268 totam
822 2235 999 2278 predictam
1024 2240 1142 2268 terram
1168 2235 1231 2267 illis
1257 2236 1331 2267 dedi
1359 2236 1393 2267 in
1420 2235 1626 2267 elemosinam
