1998 2724
339 197 403 228 366

292 341 505 375 servientibus
535 352 646 373 omnes
675 340 866 373 donationes
903 350 982 382 quas
1020 339 1129 371 Espus
1168 339 1253 372 filius
1291 338 1463 371 CARADOCI
1502 338 1558 371 Du
1596 339 1774 372 avunculus

293 422 383 443 meus
413 411 565 453 predictis
592 409 757 442 monachis
786 409 871 441 fecit.
920 408 1049 440 Scilicet
1079 412 1181 440 totam
1213 411 1338 450 partem
1369 420 1460 441 suam
1490 411 1573 440 terre
1601 408 1774 440 Pmmum

292 492 354 522 que
380 481 443 512 fuit
480 480 676 512 Knfflssmm
716 479 824 520 patrui
849 478 899 510 sui
926 482 956 509 et
986 480 1089 509 totam
1114 482 1232 509 terram
1261 488 1351 510 suam
1379 477 1418 509 de
1444 476 1596 509 Comum
1623 489 1684 519 que
1711 478 1774 509 fuit

293 549 463 581 CARfflom
481 549 536 581 Du
554 549 655 590 patris
671 549 719 579 sui
735 559 809 579 cum
831 546 981 579 omnibus
1002 547 1200 579 aisiamentis
1215 549 1247 579 et
1263 547 1468 588 pertinenciis
1489 547 1554 578 suis
1575 551 1612 578 ut
1632 546 1773 579 habeant

291 622 323 650 et
350 622 481 650 teneant
507 629 559 649 eas
576 618 610 648 in
627 628 741 659 puram
757 619 789 648 et
806 618 995 658 perpetuam
1021 615 1229 647 elemosinam
1254 615 1389 647 liberam
1413 617 1446 647 et
1468 615 1611 657 quietam
1628 615 1668 647 ab
1684 615 1773 647 omni

291 688 423 719 servicio
439 692 471 719 et
487 686 719 718 consuetudine
735 690 767 717 et
783 685 948 717 exactione
965 684 1099 716 seculari
1118 709 1123 715 .
1142 685 1222 716 sicut
1239 684 1305 716 ulla
1321 685 1495 716 elemosina
1511 683 1644 716 liberius
1662 684 1774 716 haberi

292 761 324 788 et
340 756 442 788 teneri
458 758 563 797 potest
581 781 586 786 .
605 755 687 786 sicut
703 758 791 786 carta
811 754 921 785 Ests
942 756 1079 785 testatur
1097 780 1102 785 .
1122 753 1165 785 Et
1188 753 1354 785 sciendum
1375 754 1461 795 quod
1482 765 1576 795 super
1592 753 1774 785 sanctuaria

290 826 420 857 ecclesie
445 826 484 856 de
509 824 665 856 MARGAN
692 835 752 866 ego
777 826 809 855 et
834 823 950 855 fiatres
974 823 1038 854 mei
1062 822 1243 863 juravimus
1266 824 1308 854 ad
1333 822 1610 854 warantizandum
1638 822 1772 864 prefatis

289 894 454 926 monachis
470 894 629 935 predictas
646 893 838 925 donaciones
854 896 964 924 contra
977 903 1087 924 omnes
1099 891 1245 924 homines
1256 892 1291 923 in
1303 894 1504 934 perpetuum.
1539 891 1604 923 His
1616 891 1751 923 testibus
1763 917 1769 923 .

289 963 457 995 ERNALDO
476 962 711 995 constabulario
728 963 767 994 de
785 962 956 993 KENEFEG
971 987 976 992 .
989 960 1173 993 STEPHANO
1189 961 1319 992 clerico.
1334 960 1489 992 RmARno
1505 961 1545 992 de
1564 960 1769 992 Di'NEsTER.

289 1033 429 1064 Osmmzo
446 1032 583 1064 Gutum
609 1058 615 1063 .
643 1031 766 1063 MADoc
781 1031 847 1063 filio
865 1030 1065 1063 CNAITHURI
1083 1034 1115 1062 et
1132 1030 1305 1063 Gmmvmo
1321 1030 1421 1062 fratre
1443 1041 1499 1062 sno
1525 1056 1531 1060 .
1559 1029 1773 1062 KENEWREIC

288 1102 354 1134 filio
380 1102 589 1133 HEREBERTI
616 1127 620 1131 .
648 1101 757 1133 EsPUs
781 1105 813 1133 et
836 1100 1039 1132 JOREUUORT
1063 1100 1137 1131 filiis
1165 1099 1360 1131 Gnsvmffxnn
1386 1124 1523 1130 .....
1554 1098 1771 1131 Rei-amaon

289 1172 363 1203 filiis
380 1171 511 1203 lem„

333 1240 556 1272 Endorsed—‘
570 1240 666 1272 Carta
686 1240 761 1271 ltesi
779 1239 847 1270 Coh
864 1240 903 1270 de
920 1237 1147 1270 donationibus
1163 1236 1291 1279 Espus.’

925 1383 1139 1416 OOCLXIX.

348 1467 511 1499 GRANT
551 1466 617 1498 BY
657 1465 743 1498 RES
783 1465 877 1498 OOH
917 1465 976 1496 OF
1015 1466 1047 1496 A
1087 1464 1272 1496 MOIETY
1311 1464 1370 1496 OF
1413 1464 1711 1497 KETHEREG’S

472 1536 605 1568 LAND
647 1536 699 1567 IN
739 1534 1032 1568 NEWCASTLE
1070 1533 1128 1566 ΤΟ
1168 1533 1378 1565 MARGAM
1417 1533 1589 1566 ABBEY.

835 1604 1008 1647 [MARGAM
1033 1602 1229 1645 Calamam]

334 1675 493 1707 Omnibus
509 1675 626 1706 Sancte
643 1686 668 1706 e.
688 1676 707 1706 f.
726 1686 753 1706 a.
773 1686 802 1716 q.
821 1686 851 1716 p.
869 1686 892 1705 s.
912 1673 1094 1715 pervenerit
1111 1698 1116 1704 .
1139 1673 1248 1704 nasus
1265 1672 1337 1704 COH
1355 1672 1500 1704 salutem.

334 1745 448 1776 Sciatis
465 1755 515 1776 me
532 1744 719 1776 concessisse
735 1747 768 1774 et
784 1743 908 1774 dedisse
924 1746 955 1774 et
971 1742 1001 1774 h.
1020 1754 1044 1773 c.
1064 1742 1146 1773 conf.
1167 1740 1206 1772 D.
1226 1744 1256 1773 et
1273 1754 1299 1773 e.
1319 1742 1350 1772 S.
1368 1741 1415 1773 M.
1434 1742 1473 1773 de
1491 1741 1536 1773 M.
1555 1747 1587 1773 et
1605 1742 1771 1774 monachis

294 1813 414 1845 ibidem
431 1813 501 1845 Deo
519 1812 730 1845 servientibus
747 1813 779 1843 in
797 1824 910 1854 puram
924 1815 955 1843 et
966 1814 1154 1853 perpetuam
1166 1810 1373 1842 elemosinam
1386 1810 1519 1842 liberam
1532 1813 1564 1842 et
1576 1811 1719 1852 quietam
1732 1810 1772 1843 ab

293 1883 380 1914 omni
392 1883 523 1914 servicio
538 1908 543 1912 .
559 1882 789 1914 consuetudine
803 1884 834 1913 et
847 1881 1012 1912 exactione
1027 1906 1032 1911 .
1048 1880 1127 1911 sicut
1143 1879 1210 1911 ulla
1220 1879 1393 1911 elemosina
1405 1879 1538 1911 liberius
1548 1856 1658 1912 haberi
1668 1883 1772 1922 potest

293 1952 326 1982 in
355 1954 545 1993 perpetuum
572 1951 769 1982 concessione
797 1950 960 1981 Monmffl
987 1949 1046 1981 filii
1074 1948 1220 1980 Gummi
1251 1974 1257 1980 .
1284 1952 1315 1980 et
1341 1952 1511 1989 parentum
1539 1953 1569 1979 et
1595 1949 1769 1980 amicorum

294 2032 438 2052 meorum
453 2045 458 2051 .
473 2020 679 2051 medietatem
697 2022 778 2051 terre
796 2031 857 2061 que
876 2019 938 2050 fuit
959 2017 1173 2050 Karunmzcu
1191 2018 1224 2049 in
1237 2017 1397 2048 territorio
1410 2017 1449 2048 de
1465 2016 1564 2049 Novo
1577 2016 1749 2049 (nmmo
1762 2043 1768 2049 .

295 2101 357 2130 que
381 2100 431 2120 ino
447 2101 485 2119 ex
505 2088 682 2120 hereditate
698 2088 857 2129 contingit
884 2113 889 2118 .
916 2098 1013 2129 quam
1029 2086 1127 2118 habui
1144 2097 1182 2117 ex
1200 2086 1284 2117 dono
1300 2085 1434 2127 predicti
1458 2085 1624 2117 Momm
1650 2086 1773 2118 domini

295 2159 367 2190 mci.
416 2157 461 2189 Et
476 2168 536 2199 ogo
553 2162 585 2188 et
601 2157 732 2189 heredes
749 2157 810 2188 inei
833 2156 879 2188 eis
894 2156 1070 2198 predictam
1094 2158 1212 2187 terram
1229 2153 1509 2186 warantizabimus
1531 2158 1639 2186 contra
1664 2165 1774 2187 omnes

296 2227 441 2258 homines
459 2226 704 2267 imperpetuum.
753 2225 798 2257 Et
822 2225 990 2257 servicium
1014 2225 1099 2266 quod
1124 2223 1258 2255 debetur
1281 2223 1454 2254 Mouemo
1477 2222 1632 2255 faciemus
1654 2224 1772 2256 scilicet

297 2295 473 2327 custodium
497 2294 665 2326 hominum
684 2295 724 2326 de
741 2293 839 2325 Novo
856 2294 1027 2325 OAsTmiLo
1043 2293 1075 2324 in
1093 2293 1196 2325 bosco.
1245 2292 1341 2327 Quod
1358 2292 1382 2323 si
1407 2292 1489 2323 forte
1505 2292 1550 2323 eis
1566 2293 1774 2324 warantizare
