1998 2724
1539 173 1602 204 483

758 545 1050 580 CCCCLXXXV.

167 640 331 674 GRANT
357 640 424 673 BY
450 640 761 680 KETHEREOH,
785 640 871 674 SON
905 641 964 674 OF
994 641 1122 674 JOHN
1154 641 1233 680 DU,
1258 641 1317 673 OF
1348 640 1462 673 FIVE
1493 640 1643 673 AORES

276 710 335 742 OF
363 709 463 742 THE
494 709 627 742 LAND
659 709 847 742 CALLED
880 710 1162 750 PEITHEVIN,
1191 713 1247 750 eze„
1272 710 1371 742 THE
1396 710 1559 742 “LAND
1584 710 1643 742 OF

275 779 376 812 THE
399 778 722 812 POIGTEVINE”
747 779 806 812 ΤΟ
830 779 1039 812 MARGAM
1063 779 1236 812 ABBEY.

708 860 882 903 [MARGAM
907 861 1101 904 Omma-R]

211 943 322 975 Sciant
335 954 445 975 omnes
456 944 524 974 tam
536 945 699 985 presentes
714 953 811 984 quam
824 942 943 975 futuris
960 944 1046 985 quod
1062 954 1122 986 ego
1135 942 1353 975 KETHERECH
1370 943 1455 975 filius
1470 943 1492 975 J
1494 954 1644 976 OHANNIS

168 1012 234 1045 Dv'
251 1012 326 1044 dedi
342 1014 374 1044 et
390 1011 526 1043 concessi
543 1013 575 1043 et
590 1011 649 1043 hac
666 1011 806 1053 presenti
823 1014 909 1043 carta
924 1023 996 1043 mea
1009 1012 1194 1044 confirmavi
1210 1012 1253 1044 D.
1267 1014 1299 1044 et
1316 1012 1355 1044 B.
1373 1012 1419 1044 M.
1435 1014 1466 1044 et
1481 1024 1524 1044 m.
1538 1014 1577 1044 de
1593 1013 1640 1044 M.

167 1081 299 1114 consilio
321 1082 352 1113 et
373 1091 527 1112 consensu
547 1079 697 1123 conjugis
718 1091 788 1112 mee
809 1082 841 1112 et
864 1083 1035 1123 parentum
1059 1084 1090 1112 et
1112 1081 1286 1113 amicorum
1308 1106 1313 1112 .
1336 1092 1393 1123 pro
1415 1082 1517 1113 salute
1537 1082 1643 1115 anime

168 1162 237 1183 mee
260 1176 266 1181 .
290 1152 323 1182 et
347 1149 486 1181 fratrum
510 1160 655 1181 meorum
680 1150 713 1181 et
736 1151 908 1192 parentum
930 1175 936 1181 .
960 1152 991 1181 et
1017 1150 1191 1181 amicorum
1216 1162 1244 1181 v.
1268 1162 1355 1182 acras
1376 1152 1458 1183 terre
1482 1152 1521 1183 de
1544 1151 1644 1183 libero

169 1220 354 1252 tenemento
376 1229 447 1250 meo
470 1218 504 1249 in
526 1220 610 1250 terra
632 1229 694 1260 que
725 1220 857 1251 vocatur
887 1220 973 1250 terra
995 1218 1194 1250 Pmmssmx
1220 1244 1227 1251 .
1252 1219 1416 1252 habendas
1439 1222 1471 1252 et
1491 1221 1646 1253 tenendas

168 1288 285 1320 liberas
301 1289 333 1320 et
351 1287 476 1329 quietas
497 1286 537 1319 ab
561 1287 650 1319 omni
670 1287 799 1320 servitio
823 1290 855 1320 et
876 1288 1009 1320 seculari
1031 1288 1195 1320 exactione
1216 1288 1251 1320 in
1272 1300 1386 1331 puram
1407 1292 1439 1321 et
1457 1292 1646 1332 perpetuam

168 1357 384 1391 elemosinam.
431 1356 485 1389 Ita
502 1358 588 1400 quod
604 1357 631 1389 si
646 1357 777 1399 aliquod
794 1357 963 1389 servicium
979 1358 1044 1390 sive
1064 1358 1187 1389 domini
1205 1358 1306 1400 Regis
1323 1384 1328 1390 .
1347 1358 1413 1390 sive
1437 1359 1526 1391 aliud
1547 1359 1647 1391 fuerit

169 1428 244 1459 inde
261 1427 435 1469 aliquando
450 1426 641 1468 requisitum
658 1452 664 1458 .
683 1438 743 1469 ego
758 1430 791 1459 et
809 1427 941 1459 heredes
956 1439 1025 1460 mee
1043 1428 1082 1459 de
1101 1427 1226 1469 reliqua
1242 1431 1327 1459 terra
1343 1428 1425 1460 illud
1442 1428 1596 1460 faciemus
1611 1432 1648 1461 ut

168 1495 317 1528 monachi
332 1495 397 1527 sint
412 1495 447 1527 in
463 1495 612 1528 omnibus
632 1496 667 1528 in
687 1499 879 1538 perpetuum
900 1497 1011 1538 quieti.
1058 1497 1105 1528 Et
1126 1496 1291 1528 sciendum
1311 1499 1396 1539 quod
1417 1499 1558 1540 predicte
1577 1510 1647 1530 acre

168 1565 278 1607 jacent
303 1564 399 1607 juxta
422 1576 576 1607 magnam
600 1564 686 1597 viam
710 1576 771 1606 que
797 1565 888 1597 vadit
909 1566 948 1597 de
977 1565 1145 1597 KENEFEC
1170 1577 1277 1598 versus
1301 1565 1441 1598 Kinna*
1464 1578 1520 1608 per
1536 1567 1646 1598 villam

169 1633 341 1667 WALTERI
366 1633 521 1665 anam
548 1659 554 1666 .
582 1633 752 1676 conjuncte
780 1636 812 1666 et
839 1634 990 1677 contigue
1017 1634 1079 1677 ipsi
1104 1634 1153 1666 vie
1181 1635 1221 1666 ad
1249 1635 1461 1667 meridianam
1487 1638 1611 1678 partem
1638 1661 1645 1668 .

167 1703 358 1744 incipientes
381 1705 490 1734 eontra
516 1703 674 1746 angulum
697 1703 782 1745 prati
806 1703 976 1737 WALTEm
1000 1703 1155 1735 LUPELLI
1180 1704 1266 1746 quod
1289 1706 1337 1736 est
1360 1716 1399 1736 ex
1427 1704 1529 1736 altera
1556 1708 1646 1747 parte

168 1771 310 1814 predicte
332 1771 383 1803 vie
400 1755 448 1803 eid.
470 1772 663 1814 aquilonem.
711 1771 757 1804 Et
778 1772 854 1814 quia
877 1784 937 1815 ego
961 1772 1106 1815 sigillum
1129 1783 1194 1804 non
1218 1772 1317 1804 habui
1341 1773 1447 1815 sigillo
1470 1773 1584 1815 prioris
1607 1774 1646 1806 de

169 1840 290 1873 OWEN1
312 1839 394 1872 hanc
415 1841 571 1883 presentis
591 1841 775 1874 donationis
795 1853 865 1874 mee
882 1844 1003 1874 cartam
1015 1841 1211 1884 consignavi.
1258 1841 1408 1874 'restibus
1425 1867 1432 1874 .
1451 1841 1646 1875 W1LLELMO

168 1908 448 1941 KILLEMICHAEL'
467 1935 473 1941 .
497 1909 643 1942 ENlAwo
664 1910 731 1942 filio
753 1910 951 1943 Rummmm
973 1910 1119 1942 BREUEL
1136 1936 1142 1942 .
1162 1910 1380 1942 KETHERECH
1404 1911 1470 1943 filio
1496 1911 1643 1944 CRADocr

168 1977 225 2010 Du
243 2004 249 2010 .
269 1977 420 2010 GmmNo
444 1979 510 2010 filio
535 1979 751 2011 KENEITHUR
767 1978 807 2011 ab
823 1979 996 2011 HERBERT
1017 2005 1022 2011 .
1046 1979 1200 2011 ITHELLO
1220 1980 1286 2012 filio
1308 1980 1431 2012 RIWEL
1454 2005 1461 2012 .
1485 1980 1508 2013 J
1510 1992 1645 2013 oRDANo

169 2059 319 2080 converso
342 2048 382 2080 de
403 2048 558 2080 MARGAN
586 2074 592 2079 .
620 2047 816 2081 WILLELMO
839 2048 1012 2080 PORTARIO
1035 2074 1040 2080 .
1065 2048 1266 2080 GoDEFRmo
1290 2049 1446 2082 monacho
1472 2075 1477 2081 .
1503 2049 1647 2082 ENIAwo

163 2115 290 2148 clerico.

210 2184 284 2217 Seal
299 2196 334 2217 as
349 2185 384 2217 in
399 2185 455 2218 the
471 2185 563 2218 other
577 2186 690 2228 nearly
705 2187 828 2219 similar
842 2187 948 2219 deeds.

209 2253 436 2286 Endorsed—‘
449 2253 634 2287 Ketherech
649 2255 689 2287 de
705 2266 734 2287 v.
752 2255 854 2287 acris?
