1998 2724
1543 170 1605 201 643

829 327 993 362 DCVIII.

182 412 344 446 GRANT
389 411 454 444 BY
499 410 678 450 PHILIP,
723 411 811 444 soN
857 410 916 443 OF
962 409 1184 444 WILLIAM
1229 408 1293 441 DE
1339 408 1546 447 PENVEY,
1592 407 1650 440 oF

286 481 419 515 ΒΑΜ)
451 480 638 513 cALLED
670 479 946 520 LANGAKER,
977 479 1039 512 AT
1067 477 1262 511 PENVEY
1285 478 1326 519 (ἓ)
1356 477 1413 509 ΤΟ
1441 477 1651 509 MARGAM

287 549 459 583 ABBEY.

640 592 770 635 [HARL.
798 592 974 632 CHARTER‚
999 592 1039 623 75
1064 591 1099 623 Ο.
1124 590 1194 634 40.]

835 667 935 700 PALM
966 667 1116 699 SUNDAY.
1165 667 1204 698 17
1228 665 1352 698 APRIL.
1399 664 1487 697 A.D.
1514 665 1607 696 1261.

224 746 334 778 Sciant
356 748 518 788 presentes
533 748 565 777 et
588 744 689 776 futuri
712 744 799 786 quod
821 755 881 786 ego
904 744 1095 776 Pmmpmxs
1118 742 1203 774 filius
1219 741 1407 775 WILLELMl
1424 741 1463 773 de
1485 741 1628 772 Pax-Um
1647 766 1652 771 .

181 815 312 848 consilio
335 818 367 847 et
389 825 519 846 assensu
542 813 717 846 amicorum
741 824 886 845 meorum
913 824 970 854 pro
993 812 1096 844 salute
1119 811 1225 843 anime
1249 822 1318 843 mee
1342 813 1373 842 et
1400 810 1656 853 predecessorum

182 895 329 917 meorum
347 909 353 915 .
370 884 444 915 dedi
461 886 492 915 et
508 883 647 915 concessi
663 884 694 914 et
710 882 769 914 hac
786 881 927 924 presenti
943 884 1029 913 carta
1044 892 1116 912 mea
1136 879 1321 911 confirmavi
1342 879 1382 911 D.
1401 882 1432 911 et
1454 891 1480 910 e.
1496 879 1535 910 B.
1553 878 1599 910 Μ.
1617 879 1658 910 de

185 953 339 986 MARGAN
356 955 388 984 et
403 963 445 984 m.
459 952 480 984 i.
494 951 536 984 D.
550 963 573 983 s.
585 952 619 983 in
635 962 750 993 puram
766 953 798 982 et
814 954 1002 993 perpetuam
1019 949 1226 981 elemosinam
1242 949 1322 980 duas
1338 959 1426 980 acras
1442 951 1473 979 et
1489 947 1658 979 dimidiam

183 1033 258 1054 cum
280 1021 486 1065 pertinenciis
509 1023 591 1052 terre
615 1019 744 1052 arabilis
769 1030 830 1062 que
854 1021 1009 1051 vocantur
1031 1017 1229 1050 LANGAKER
1253 1043 1259 1049 .
1285 1028 1421 1059 quarum
1445 1028 1510 1048 una
1532 1028 1606 1058 pars
1628 1027 1660 1048 se

186 1091 292 1123 tendit
307 1102 416 1123 versus
431 1090 627 1122 occidentem
643 1101 743 1131 usque
759 1089 800 1120 ad
817 1088 1010 1120 MARPUTTE
1026 1113 1031 1119 .
1047 1091 1077 1120 et
1095 1088 1196 1119 altera
1208 1098 1317 1118 versus
1334 1086 1489 1118 orientem
1505 1097 1606 1128 usque
1619 1086 1660 1118 ad

185 1159 358 1192 Sounoua
384 1184 389 1190 .
414 1159 498 1191 inter
520 1161 637 1190 terram
662 1156 891 1189 monachorum
918 1160 951 1188 et
975 1167 1080 1188 meam
1105 1182 1110 1187 .
1138 1160 1169 1187 et
1196 1159 1260 1187 tres
1292 1155 1469 1197 quarterias
1492 1155 1575 1197 prati
1600 1166 1661 1196 que

185 1229 295 1271 jacent
324 1228 409 1260 inter
439 1226 689 1259 SUUEYSHULLE
721 1230 752 1258 et
784 1230 901 1257 terram
929 1225 1144 1268 predictorum
1177 1224 1406 1256 monachorum
1437 1235 1498 1265 que
1531 1226 1662 1255 vocatur

186 1296 310 1329 DECEM
326 1308 420 1329 ACRE.
468 1296 647 1328 Habendas
663 1301 695 1328 et
710 1296 866 1327 tenendas
881 1295 920 1326 de
944 1306 994 1326 me
1012 1297 1043 1326 et
1067 1293 1238 1325 heredibus
1260 1293 1339 1325 meis
1357 1319 1362 1324 ,
1382 1293 1480 1325 libere
1504 1296 1536 1324 et
1552 1293 1662 1334 quiete

186 1369 283 1408 atque
299 1366 427 1409 pacifice
445 1391 451 1397 .
469 1366 536 1397 sine
553 1365 641 1397 omni
664 1364 794 1396 servicio
812 1390 818 1396 .
836 1364 1004 1396 exaccione
1022 1389 1028 1394 .
1047 1367 1131 1394 secta
1149 1389 1154 1394 .
1173 1366 1204 1394 et
1221 1362 1355 1394 seculari
1377 1362 1537 1393 demanda
1555 1388 1560 1393 .
1580 1362 1661 1393 sieut

185 1436 253 1468 ulla
277 1435 449 1467 elemosina
472 1434 605 1466 liberius
629 1436 733 1476 potest
760 1433 863 1465 teneri
890 1436 922 1464 et
949 1432 1111 1474 possideri.
1159 1431 1248 1463 Dicli
1277 1431 1406 1473 quidem
1434 1431 1494 1462 viri
1520 1431 1663 1473 religiosi

187 1504 327 1536 maxime
350 1515 418 1536 mee
441 1503 623 1546 indigencie
639 1503 794 1544 compassi
810 1503 849 1533 de
866 1501 1035 1544 sexaginta
1050 1501 1159 1532 solidis
1175 1501 1403 1542 sterlingorum
1419 1504 1450 1531 et
1466 1499 1577 1531 multis
1594 1499 1665 1531 aliis

187 1573 350 1605 beneficiis
364 1572 487 1604 intuitu
503 1572 632 1614 pietatis
647 1571 872 1613 urgentissime
894 1581 963 1602 mee
979 1569 1160 1602 necessitati
1176 1568 1404 1613 subvenerunt.
1452 1568 1525 1611 Ego
1541 1580 1615 1600 vero
1632 1572 1664 1600 et

187 1642 319 1674 heredes
339 1641 403 1673 mei
423 1640 599 1683 predictam
618 1644 737 1672 terram
764 1639 954 1682 supradictis
976 1639 1051 1670 viris
1072 1638 1229 1680 religiosis
1250 1641 1360 1669 contra
1385 1649 1494 1669 omnes
1515 1637 1662 1669 homines

187 1710 414 1752 inperpetuum
429 1708 717 1740 warantizabimus.
764 1708 808 1741 Et
825 1711 861 1739 ut
878 1708 936 1740 hec
952 1718 1023 1739 mea
1033 1707 1166 1739 donacio
1183 1709 1214 1738 et
1226 1706 1383 1738 concessio
1400 1717 1461 1747 que
1472 1705 1557 1737 facta
1572 1705 1636 1737 fuit
1654 1731 1660 1736 .

187 1789 272 1810 anno
289 1803 295 1809 .
313 1777 437 1809 domini
454 1802 460 1809 .
480 1784 524 1808 M¹¹·
543 1782 599 1808 cc0·
617 1776 814 1819 sexagesimo
838 1776 941 1818 primo
965 1776 1061 1818 juxta
1084 1775 1278 1806 dominicam
1301 1775 1335 1806 in
1359 1774 1456 1805 ramis
1480 1774 1661 1816 palmarum

188 1847 415 1889 inperpetuum
436 1848 507 1878 rata
522 1849 554 1877 et
577 1845 700 1877 stabilis
716 1847 902 1887 permaneat
924 1844 1065 1886 presenti
1082 1844 1197 1885 scripto
1221 1843 1366 1885 sigillum
1387 1854 1495 1874 meum
1516 1843 1658 1884 apposui.

187 1915 264 1947 Hiis
287 1915 444 1947 testibus.
466 1914 593 1946 Tuom
617 1914 762 1946 GRAMUS
786 1939 792 1946 .
820 1913 1015 1947 WILLELMO
1032 1912 1271 1944 FRANKELAYN
1297 1938 1303 1944 .
1329 1911 1499 1944 Pmmpo
1523 1912 1657 1943 clerico.

187 1984 314 2016 Tuom
331 1983 491 2016 ST1WARD
509 2009 515 2015 .
534 1983 707 2016 GEDEMAN
726 2008 733 2015 .
751 1987 782 2014 et
800 1983 880 2015 aliis.

232 2054 352 2086 Round
367 2053 441 2092 scal,
458 2053 539 2085 dark
554 2064 652 2095 green
669 2064 751 2092 wax,
772 2052 834 2084 lin.
852 2052 949 2084 diam.
996 2052 1028 2083 A
1044 2054 1110 2083 star
1125 2051 1159 2083 of
1174 2050 1265 2093 eight
1280 2050 1397 2092 points.

645 2125 652 2138 ‘
669 2126 701 2158 -1-
722 2121 762 2153 s1'
788 2133 795 2153 ε
821 2120 894 2152 PHI'
920 2133 927 2153 z
953 2131 1037 2152 FILII
1063 2132 1068 2151 :
1094 2119 1217 2151 WILL'.'

232 2190 454 2223 Endorsed—‘
466 2190 563 2222 Carta
578 2189 722 2232 Philippi
747 2189 806 2221 filii
828 2189 988 2222 Willelmi
1009 2190 1048 2221 de
1070 2189 1200 2229 Penvey
1223 2189 1262 2219 de
1285 2187 1409 2219 duabus
1435 2188 1500 2228 (sie)
1526 2189 1610 2219 terre
1626 2189 1658 2218 et

187 2259 330 2292 dimidia.
336 2259 343 2273 '
