1998 2724
367 114 431 146 394

1001 554 1120 588 CCCC.

315 633 479 668 GRANT
517 635 583 668 BY
622 636 782 668 ROGER
821 636 940 669 COLE
981 636 1038 669 ΤΟ
1074 637 1285 671 MARGAM
1312 639 1475 672 ABBEY
1507 641 1566 673 OF
1597 641 1630 674 A
1666 642 1793 674 FREE

425 705 692 738 TENEMENT
730 705 784 738 IN
823 705 1126 746 NEWOASTLE,
1167 707 1301 741 WITH
1330 708 1428 741 THE
1460 709 1697 743 SANCTION
1734 703 1794 743 OF

422 774 635 809 MORGAN.
662 775 743 808 HIS
768 775 918 808 OHIEF
941 775 1079 808 LORD.

860 857 1036 901 [MARGAM
1059 858 1254 902 CHARTER]

353 939 491 972 Noverit
511 940 701 972 universitas
724 943 829 972 vestra
851 951 902 972 me
927 941 1051 973 dedisse
1076 943 1109 972 et
1131 942 1317 973 concessisse
1342 941 1412 974 Deo
1436 945 1467 974 et
1491 942 1583 975 beate
1612 944 1732 976 MAmE
1761 947 1793 977 et

307 1009 472 1042 monachis
488 1010 527 1041 de
544 1009 698 1041 MARGAN
719 1035 724 1040 .
743 1009 874 1041 consilio
890 1013 921 1042 et
938 1021 1094 1042 consensu
1110 1011 1232 1042 domini
1248 1012 1311 1043 mei
1330 1011 1496 1044 MORGANI
1515 1016 1544 1044 et
1558 1013 1708 1056 conjugis
1718 1025 1787 1047 mee

307 1081 340 1112 et
356 1079 496 1111 filiorum
512 1091 570 1121 pro
586 1079 688 1111 salute
705 1079 812 1111 anime
828 1091 897 1111 mee
913 1082 944 1111 et
961 1082 1195 1112 antecessorum
1220 1081 1259 1112 de
1284 1080 1384 1113 libero
1403 1084 1587 1114 tenemento
1612 1094 1683 1115 meo
1710 1086 1790 1126 aput

306 1148 509 1180 CASTELLUM
526 1148 656 1181 NovnM
673 1148 755 1180 hanc
771 1152 889 1181 terram
905 1149 939 1181 in
956 1151 1145 1192 perpetuam
1162 1150 1368 1182 elemosinam
1386 1151 1521 1183 liberam
1538 1156 1568 1183 et
1586 1153 1730 1194 quietam
1747 1153 1786 1185 ab

307 1219 395 1250 omni
421 1218 549 1250 servitio
577 1220 609 1249 et
636 1218 769 1250 seculari
797 1219 972 1250 exactione.
1021 1219 1093 1254 Que
1126 1219 1276 1252 videlicet
1304 1223 1389 1252 terra
1412 1220 1509 1252 habet
1531 1222 1570 1253 ad
1593 1222 1791 1255 occidentem

305 1287 412 1319 rivum
429 1287 484 1329 qui
501 1290 632 1319 vocatur
648 1287 904 1319 ELLENEPULLE
926 1288 998 1320 lake
1018 1291 1051 1320 et
1071 1289 1175 1320 tendit
1198 1289 1238 1320 ad
1261 1289 1417 1321 orientem
1438 1301 1547 1322 versus
1564 1290 1763 1323 WrrHEREL
1791 1319 1796 1324 .

307 1359 354 1389 set
377 1368 442 1389 non
462 1357 619 1400 pertingit
645 1357 721 1388 illuc
751 1383 756 1388 .
785 1360 815 1389 et
842 1358 883 1389 ad
908 1358 1192 1400 septentrionalem
1220 1361 1344 1400 partem
1376 1358 1472 1390 habet
1499 1359 1617 1391 divisas
1644 1365 1727 1393 terre
1752 1361 1792 1393 de

307 1414 501 1458 Coi'rrxciaRT
532 1453 537 1459 .
568 1430 598 1459 et
627 1429 772 1458 austrnm
800 1427 915 1469 incipit
940 1427 1066 1459 cultura
1096 1439 1158 1469 que
1184 1428 1273 1459 vadit
1297 1428 1445 1460 deorsum
1473 1455 1477 1459 .
1507 1440 1617 1461 versus
1637 1441 1792 1473 magnam

307 1496 393 1528 viam
410 1496 502 1528 Now
520 1496 698 1528 CAsmLm.
746 1496 863 1528 Totam
879 1497 975 1528 istam
998 1499 1117 1529 terram
1140 1497 1214 1528 dedi
1240 1498 1390 1540 predictis
1416 1498 1580 1530 monachis
1602 1499 1683 1532 sicut
1707 1500 1792 1532 inter

309 1565 367 1598 has
388 1566 506 1598 divisas
528 1566 712 1598 continetur
733 1578 789 1607 pro
813 1571 901 1597 111J⁰¹·
932 1566 1011 1597 acris
1038 1593 1043 1598 .
1070 1569 1154 1598 terre
1186 1567 1250 1598 sive
1282 1567 1354 1608 plus
1389 1592 1395 1598 .
1435 1568 1501 1599 sive
1535 1569 1642 1600 minus
1675 1568 1796 1601 ibidem

310 1634 476 1667 habeatur.
525 1635 571 1666 Et
595 1635 671 1676 quia
696 1646 756 1677 ego
782 1635 927 1677 sigillum
944 1646 1009 1667 non
1029 1634 1127 1667 habui
1146 1661 1151 1666 .
1171 1635 1277 1678 sigillo
1294 1636 1417 1668 domini
1438 1637 1500 1668 mei
1517 1637 1685 1669 Monetam
1709 1664 1714 1669 .
1739 1638 1795 1680 qui

311 1703 410 1736 michi
433 1704 613 1746 predictum
637 1706 857 1736 tenementum
879 1704 970 1735 dedit
994 1716 1051 1747 pro
1076 1716 1146 1736 meo
1168 1705 1296 1736 servitio
1323 1729 1329 1736 .
1351 1705 1433 1736 hanc
1455 1709 1575 1738 cartam
1597 1706 1795 1749 consignavi.

313 1772 426 1804 Abbas
443 1784 516 1805 vero
532 1773 666 1815 predicti
684 1773 743 1804 loci
761 1777 792 1804 et
808 1773 956 1804 monachi
967 1784 1036 1805 mee
1046 1774 1226 1805 necessitati
1239 1774 1469 1815 compatientes
1483 1801 1488 1806 .
1504 1786 1606 1807 unuin
1618 1774 1794 1807 bisantium

315 1842 475 1874 dederunt
490 1843 523 1874 in
541 1842 639 1885 hujus
655 1842 907 1884 recognitionem
925 1843 1116 1874 donationis.
1167 1842 1244 1874 Hiis
1260 1843 1405 1874 testibus.

362 1911 564 1944 Entitled—‘
577 1912 675 1944 Carta
691 1911 812 1954 Rogeri
830 1911 906 1943 Oole
922 1913 962 1944 de
976 1924 1043 1944 111J,
1062 1913 1141 1944 acris
1157 1913 1244 1954 apud
1261 1911 1390 1944 Novum
1409 1913 1607 1946 Castellum)
