1998 2724
1489 171 1552 203 465

168 329 390 362 Endorsed—‘
402 329 499 361 Carta
523 328 656 361 Rioardi
679 329 718 361 de
742 328 835 361 Clare
862 341 918 371 pro
942 329 1075 361 diversis
1104 329 1197 361 terris
1220 330 1252 360 et
1283 328 1475 360 tenementis
1497 330 1554 360 ete.
1580 339 1600 360 a.

123 398 275 441 Kenefeg
289 399 331 430 ad
347 398 532 430 ulteriorem
549 397 668 440 Ripam
684 398 724 429 de
740 397 839 430 Auan
862 401 894 430 et
917 398 1068 440 piscarias
1090 400 1174 430 totas
1190 397 1224 429 in
1249 396 1349 429 Auan
1373 399 1406 429 et
1422 396 1599 430 Wreokum

123 468 208 499 inter
234 468 332 499 Auan
357 469 389 499 et
416 466 542 509 Kenfig
568 469 600 498 et
626 467 814 499 domesticos
840 467 956 499 liberos
978 477 1043 499 esse
1060 467 1099 498 de
1116 467 1238 498 tolneto
1254 468 1286 498 et
1302 465 1435 498 ffelonia
1452 491 1587 498 ......
1592 465 1600 479 ’

127 536 286 569 ‘Berehes
316 538 348 568 et
379 536 540 569 Pultimor
567 538 599 568 et
629 547 797 569 commune
825 540 964 578 pasturae
991 537 1075 568 inter
1101 536 1193 568 Neth
1220 561 1227 567 .
1255 535 1354 568 Auan
1387 562 1393 568 .
1420 535 1543 578 Kenfig
1570 538 1603 567 et

125 604 287 648 Ogmore.'
334 608 341 622 ”’
357 604 479 638 Gomon
495 605 528 637 in
545 604 789 638 Keuenoribor.'
838 612 844 622 ⁸
859 605 1030 638 Withoute
1046 605 1142 638 date.’

597 674 633 702 (1)
657 673 735 701 Vama,
748 674 856 695 overline,
868 674 923 695 here
936 674 958 695 in
973 674 1014 695 *he
1026 674 1134 696 Charter.

740 1043 1001 1077 OOOGLXVII.

130 1124 367 1158 MANDATE
389 1124 448 1157 OF
470 1124 620 1165 ELIAS,
646 1125 821 1157 BISHOP
853 1125 912 1157 OF
941 1126 1210 1165 LLANDAFF,
1242 1126 1300 1158 TO
1332 1126 1431 1158 THE
1464 1126 1611 1159 PRIOR

239 1194 298 1227 OF
337 1193 556 1234 GARDIFF,
597 1194 924 1227 INSTRUGTING
965 1195 1062 1227 HIM
1099 1195 1156 1228 AS
1203 1195 1260 1227 ΤΟ
1300 1195 1612 1228 EXCOMMUNI-

238 1262 418 1295 OATING
455 1262 654 1295 SUNDRY
692 1263 1047 1296 MALEFAOTORS.

476 1344 626 1387 [Cor‘rON
649 1344 721 1377 MS.
769 1346 888 1377 CLEOP.
913 1345 956 1377 A.
980 1344 1074 1384 VII„
1105 1345 1129 1377 f.
1163 1345 1232 1389 69.]
1340 1347 1568 1381 1230—1240.

176 1425 216 1457 E.
234 1425 298 1458 Dei
314 1426 420 1469 gratia
436 1425 680 1459 LANDAvnNsis
695 1426 870 1469 episeopus,
888 1427 1012 1459 dilectis
1029 1427 1089 1459 sibi
1112 1427 1146 1459 in
1164 1427 1312 1459 Cnmsro
1329 1427 1493 1468 fratribus,
1516 1429 1614 1471 priori

132 1496 172 1527 de
193 1494 350 1527 KAIRDIF
373 1498 405 1527 et
429 1495 575 1538 ejusdem
598 1496 659 1528 loci
682 1497 865 1538 capellanis,
890 1497 1025 1528 salutem
1049 1500 1081 1528 et
1102 1496 1368 1529 benedictionem.
1416 1497 1613 1530 Mandamus

127 1563 217 1596 vobis
254 1564 389 1596 firmiter
426 1564 637 1607 injungentes
675 1568 834 1607 quatenus
865 1577 975 1597 omnes
1005 1566 1186 1598 detentores
1217 1566 1414 1598 deeimarum
1447 1567 1611 1600 occasione

131 1633 339 1665 servientium
354 1633 406 1665 vel
421 1645 606 1673 messorum,
628 1638 662 1666 et
685 1646 795 1666 omnes
819 1636 1001 1667 detentores
1025 1635 1222 1667 deeimarum
1244 1646 1316 1677 quae
1337 1639 1534 1669 renovantiu·
1554 1648 1611 1679 per

130 1713 263 1741 annum,
280 1702 306 1733 si
323 1702 430 1743 semel,
448 1704 596 1742 secundo,
613 1706 646 1735 et
662 1704 757 1736 tertio
772 1703 968 1742 commoniti,
986 1715 1149 1735 excessum
1166 1715 1259 1736 suum
1275 1716 1341 1736 non
1357 1705 1610 1745 emendaverint,

130 1771 319 1803 auetoritate
335 1773 445 1803 nostra
461 1772 801 1805 exeommunioationis
824 1773 983 1805 sententia
1007 1773 1176 1805 innodetis,
1224 1773 1375 1806 Preterea
1402 1774 1493 1806 vobis
1517 1786 1608 1807 man-

126 1840 241 1871 damus
263 1842 421 1881 quatenus
443 1840 477 1872 in
500 1841 604 1873 tribus
624 1841 881 1874 solemnitatibus
904 1841 1115 1881 festivalibus,
1139 1842 1256 1874 seilicet
1276 1843 1447 1875 nativitate
1464 1843 1607 1884 Domini,

126 1908 318 1948 Pentieoste,
349 1910 568 1951 assumpoione
589 1910 627 1942 B.
656 1910 796 1950 Mna,
822 1911 1104 1943 excommunicetis
1133 1911 1167 1942 in
1192 1922 1319 1954 genere,
1344 1914 1377 1944 et
1404 1912 1604 1952 solemniter,

125 1977 298 2016 sorciarios,
321 1977 468 2020 perjuros
490 1990 586 2020 supra
609 1982 817 2019 sacrosancta,
842 1980 1063 2019 incendiarios,
1088 1980 1258 2019 usurarios,
1279 1985 1433 2023 raptores,
1450 1982 1604 2024 puplicos,

126 2046 285 2078 malitiose
300 2047 512 2089 impedientes
528 2049 753 2081 exeouoionem
769 2049 924 2092 legalium
951 2052 1227 2089 testamentorum,
1255 2051 1288 2081 et
1314 2061 1367 2082 eos
1390 2050 1447 2092 qui
1477 2051 1606 2094 pignus,

126 2115 182 2147 ubi
198 2115 280 2147 nihil
297 2116 336 2147 de
353 2118 436 2148 sorte
458 2117 626 2156 minuitur,
648 2118 800 2157 retinent,
826 2122 996 2160 postquam
1023 2119 1063 2150 de
1088 2117 1247 2150 fructibus
1273 2120 1393 2151 sortem
1418 2120 1604 2162 receperint,

130 2184 276 2216 deductis
290 2184 447 2226 expensis.
494 2184 548 2218 Ita
563 2188 672 2218 tamen
683 2187 769 2228 quod
785 2187 853 2219 sine
869 2187 1059 2219 auctoritate
1074 2190 1183 2219 nostra
1197 2187 1248 2219 vel
1265 2187 1418 2220 Officialis
1429 2188 1529 2220 nostri
1541 2200 1606 2221 non

125 2251 343 2284 absolvantur.
391 2253 517 2286 Valete.

282 2358 326 2384 31
