1998 2724
1551 163 1613 194 639

180 319 461 353 warantizabimus
476 322 587 351 contra
603 330 714 351 omnes
729 319 876 351 homines
893 322 923 350 et
941 319 1077 351 feminas
1097 319 1132 351 in
1153 322 1354 361 perpetuum.
1402 319 1481 352 Hiis
1496 320 1630 352 testibus
1648 346 1654 351 .

182 388 375 422 Rinnmno
398 388 512 421 clerico
536 388 576 419 de
601 387 701 419 Novo
727 387 856 419 CasTRo
884 414 890 420 .
919 388 1079 420 RoBERro
1100 388 1139 420 de
1165 388 1321 420 CANTELO
1342 414 1349 421 .
1372 388 1566 422 WILLELM0
1590 390 1657 422 filio

181 458 319 492 WnomJ
337 484 343 490 .
362 457 540 490 MAURICIO
558 483 564 489 .
583 456 812 488 KENEWREGO
827 459 859 489 et
875 457 1047 489 Pmmpo
1062 457 1138 489 filiis
1152 456 1253 489 YAGo
1271 483 1276 489 .
1294 460 1326 490 et
1342 458 1454 490 multis
1469 458 1550 491 aliis.

226 527 346 560 Round
361 526 435 565 seal,
453 526 534 558 dark
549 537 648 568 green
664 537 746 566 wax,
764 526 829 558 lin.
847 526 957 565 diam„
971 538 1013 558 an
1030 526 1166 569 escallop
1181 526 1272 566 shell,
1289 526 1446 559 inverted.

619 598 626 611 ⁴
643 599 674 631 -9-
707 594 828 627 SIGILL’
852 596 971 627 MiLox’
995 606 1039 627 m:
1062 595 1204 627 Ρ’Ν1Έ1.’

222 665 444 698 Endorsed—‘
456 664 553 697 Carta
571 663 705 697 Milonis
721 665 760 696 de
776 664 911 707 Penuey
927 666 967 696 de
984 676 1059 697 vnr.
1077 665 1157 697 acris
1172 665 1277 704 terre,'
1294 666 1359 697 and
1374 666 1409 697 in
1425 677 1443 697 a
1458 666 1540 698 later
1555 666 1653 706 hand,

179 738 186 752 ‘
199 735 287 778 apud
302 734 458 777 Penvey.’

867 903 970 937 DOV.

178 986 340 1020 GRANT
391 986 458 1019 BY
502 985 692 1019 ROBERT
746 985 936 1025 RUSSEL,
984 986 1043 1018 OF
1087 986 1294 1026 PENVEY,
1340 986 1398 1019 ΤΟ
1444 987 1655 1020 MARGAM

475 1055 649 1095 ABBEY,
689 1055 748 1087 OF
786 1054 919 1087 LAND
958 1055 1091 1088 NEAR
1128 1056 1354 1089 EWENNY.

645 1136 777 1180 [HARL.
802 1137 979 1176 Ommm,
1004 1138 1044 1169 75
1063 1137 1098 1169 O.
1116 1137 1184 1179 49.]

810 1206 862 1238 ST.
888 1205 1080 1238 AMBRosrz’s
1103 1206 1192 1238 Du.
1239 1208 1259 1238 4
1282 1206 1396 1239 Amr
1423 1208 1464 1249 (ἓ)
1516 1209 1608 1241 1261.

220 1289 331 1322 Sciant
357 1292 519 1332 presentes
550 1292 583 1321 et
609 1289 714 1320 futuri
743 1289 831 1331 quod
860 1300 921 1331 ego
947 1289 1127 1320 Ronanus
1159 1289 1290 1321 Rnssm
1321 1289 1361 1321 de
1393 1289 1539 1322 Pax-nm>
1568 1291 1655 1323 filius

174 1358 319 1391 MILETH
336 1384 342 1390 .
360 1358 491 1391 consilio
509 1361 541 1390 et
556 1369 686 1391 assensu
701 1357 858 1390 AGNEns
873 1358 982 1390 uxoris
997 1369 1067 1390 mee
1083 1361 1115 1390 et
1137 1357 1293 1390 heredum
1316 1370 1461 1391 meorum
1476 1371 1534 1401 pro
1550 1360 1653 1392 salute

174 1428 281 1460 anime
305 1439 374 1460 mee
396 1454 402 1460 .
423 1430 455 1460 et
475 1430 647 1470 parentum
668 1438 813 1459 meorum
838 1453 844 1459 .
873 1427 947 1459 dedi
968 1429 1000 1458 et
1023 1427 1160 1459 concessi
1181 1430 1213 1459 et
1233 1426 1292 1459 hac
1313 1427 1454 1470 presenti
1474 1430 1561 1460 carta
1582 1440 1654 1461 mea

173 1496 359 1529 confirmavi
386 1496 456 1529 Deo
483 1499 515 1528 et
541 1496 669 1528 ecclesie
692 1495 785 1528 bea-te
809 1495 930 1527 Mnus
951 1496 990 1527 de
1010 1495 1166 1528 MARGAN
1190 1498 1222 1528 et
1243 1496 1408 1528 monachis
1438 1496 1558 1529 ibidem
1582 1497 1653 1530 Deo

173 1565 386 1598 servientibus
410 1591 416 1597 .
441 1565 476 1597 in
502 1576 616 1607 puram
641 1568 672 1597 et
697 1567 886 1607 perpetuam
913 1564 1119 1597 elemosinam
1142 1590 1148 1596 .
1174 1565 1254 1596 duas
1275 1576 1362 1597 acras
1385 1568 1469 1597 terre
1490 1577 1559 1598 mee
1579 1578 1651 1599 cum

171 1634 375 1677 pertinentiis
393 1660 398 1666 .
416 1645 479 1676 que
499 1634 607 1676 jacent
623 1634 708 1666 inter
724 1633 941 1665 PENDENTEM
958 1644 1101 1665 GRAVAM
1120 1644 1159 1665 ex
1175 1636 1266 1675 parte
1290 1634 1471 1676 aquilonari
1489 1661 1495 1666 .
1513 1637 1546 1667 et
1564 1636 1651 1668 viam

172 1714 235 1746 que
254 1703 360 1735 tendit
383 1703 423 1734 de
446 1702 605 1734 EWENNY
628 1713 737 1734 versus
757 1701 973 1734 LANGUNITH
994 1713 1034 1734 ex
1055 1704 1147 1744 parte
1168 1703 1310 1734 australi.
1358 1702 1405 1735 Et
1425 1703 1556 1745 insuper
1571 1704 1651 1736 duas

172 1783 260 1804 acras
275 1774 307 1803 et
322 1771 492 1803 dimidiam
508 1782 614 1803 aoram
635 1770 722 1813 prati
743 1771 807 1802 mei
824 1781 897 1802 cum
917 1770 1122 1812 pertinentiis
1137 1782 1199 1812 que
1220 1770 1330 1812 jacent
1345 1770 1457 1803 subtus
1472 1772 1649 1813 predictam

170 1841 257 1872 viam
280 1852 320 1873 ex
342 1841 433 1883 parte
456 1839 636 1881 aquilonari
659 1842 691 1871 et
713 1841 832 1871 terram
859 1839 1075 1881 predictorum
1099 1838 1224 1871 abbatis
1247 1842 1279 1872 et
1302 1842 1477 1872 conventus
1498 1840 1532 1872 in
1558 1843 1649 1882 parte

169 1909 312 1942 australi.
359 1908 539 1941 Habendas
560 1910 592 1940 et
611 1909 768 1940 tenendas
787 1909 827 1940 de
847 1919 898 1940 me
922 1912 953 1940 et
975 1908 1147 1940 heredibus
1170 1908 1249 1940 meis
1271 1933 1278 1939 .
1301 1908 1400 1940 libere
1425 1935 1431 1940 .
1457 1912 1489 1940 et
1512 1909 1619 1951 quiete
1638 1935 1644 1940 .

169 1980 266 2021 atque
286 1977 416 2020 pacifice
438 2003 445 2010 .
466 1977 535 2009 sine
557 1977 646 2009 omni
669 1977 800 2009 servicio
824 1977 989 2009 exactione
1007 2002 1013 2008 .
1031 1979 1063 2009 et
1086 1977 1246 2009 demanda
1264 2002 1270 2008 .
1288 1977 1370 2009 sicut
1390 1977 1457 2009 una
1473 1977 1646 2010 elemosina

167 2046 300 2080 liberius
325 2048 430 2089 potest
459 2046 562 2078 teneri
591 2048 624 2078 et
654 2045 818 2088 possideri.
865 2045 954 2077 Dicti
982 2045 1112 2088 quidem
1142 2045 1203 2077 viri
1233 2045 1375 2088 religiosi
1406 2045 1546 2078 maxime
1576 2057 1645 2078 mee

168 2115 352 2158 indigencie
364 2114 519 2158 compassi
536 2139 542 2146 .
561 2115 600 2146 de
616 2115 785 2157 sexaginta
801 2114 910 2146 solidis
925 2114 1153 2157 sterlingorum
1173 2140 1179 2146 .
1197 2116 1228 2146 et
1244 2114 1356 2146 multis
1371 2114 1443 2146 aliis
1457 2114 1618 2146 beneficiis
1637 2141 1643 2146 .

166 2184 290 2217 intuitu
300 2184 430 2227 pietatis
438 2183 664 2226 urgentissime
678 2195 747 2216 mee
757 2183 975 2215 subvenerunt
985 2182 1176 2215 necessitati.
1222 2183 1296 2225 Ego
1309 2194 1384 2215 vero
1394 2185 1426 2215 et
1436 2182 1569 2215 heredes
1580 2183 1645 2215 mei

165 2253 344 2296 predictam
357 2255 477 2285 terram
491 2252 682 2295 supradictis
697 2252 774 2284 viris
789 2252 946 2295 religiosis
965 2278 971 2284 .
988 2255 1099 2284 contra
1114 2263 1225 2284 omnes
1239 2251 1386 2284 homines
1401 2251 1436 2283 in
1452 2253 1644 2294 perpetuum
