1998 2724
1535 169 1596 200 701

824 355 993 388 DOXLV.

167 437 398 476 WILLIAM,
429 436 517 470 SON
549 436 608 469 OF
636 437 846 470 WORGAN
873 437 972 469 THE
1004 437 1278 476 PHYSIOIAN,
1302 437 1488 471 GRANTS
1510 439 1642 471 LAND

612 506 670 539 ΤΟ
708 507 827 539 MILO
866 506 930 539 DE
969 506 1202 540 REYNGNI.

679 589 784 632 [Ano.
810 589 986 629 CHARTER‚
1004 589 1151 633 24,247.]

213 671 324 704 Sciant
344 674 505 714 presentes
526 674 558 704 et
579 671 683 703 futuri
706 672 792 713 quod
813 683 873 714 ego
892 671 1109 705 WILLELMUS
1130 672 1216 704 filius
1238 671 1413 705 WORGANI
1434 672 1550 705 medici
1570 673 1645 706 dedi

170 741 308 774 concessi
335 744 366 774 et
390 741 449 773 hac
476 741 617 784 presenti
649 743 735 773 carta
766 752 837 773 mea
866 741 1052 773 confirmavi
1083 742 1214 774 domino
1245 741 1379 773 MILONI
1412 742 1451 773 de
1483 741 1646 774 REn-Gxx

170 811 376 843 medietatem
392 810 510 853 viginti
526 822 672 842 acrarum
689 813 772 842 terre
788 822 867 852 quas
883 813 976 842 teneo
992 822 1049 853 per
1068 813 1190 843 cartam
1214 810 1403 844 WlLLEmn
1426 811 1465 843 de
1483 810 1647 843 Rmmm

171 880 271 922 patris
287 879 365 912 dicti
380 879 530 911 MlLoms
546 891 608 922 que
625 880 733 922 jacent
748 880 782 911 in
798 882 889 922 parte
905 880 1038 912 australi
1054 892 1116 922 que
1134 880 1223 913 ducit
1239 892 1338 923 usque
1355 883 1473 913 terrain
1491 880 1647 913 WRONOU

172 948 320 982 WASSAN
336 960 393 991 per
407 951 508 981 metas
524 951 555 981 et
570 948 697 981 bundas
713 949 794 981 sicut
811 949 913 981 divisa
925 951 981 981 est.
1028 949 1227 982 Habendam
1243 952 1275 982 et
1291 951 1464 982 tenendam
1484 962 1540 993 pro
1556 961 1607 982 me
1619 953 1650 981 et

172 1018 342 1051 heredibus
358 1019 409 1051 vel
428 1018 598 1061 assignatis
624 1018 735 1062 [meis]
761 1018 820 1051 sibi
837 1022 868 1050 et
889 1018 1058 1051 heredibus
1079 1019 1144 1051 suis
1160 1019 1226 1051 sive
1243 1019 1414 1061 assignatis
1430 1019 1527 1051 libere
1545 1018 1651 1061 quiete

171 1088 300 1130 pacifice
315 1087 441 1131 integre
456 1088 529 1130 jure
540 1088 736 1120 hereditario
751 1089 786 1120 in
802 1091 1003 1130 perpetuum.
1051 1088 1231 1122 Reddeudo
1244 1089 1319 1121 inde
1336 1089 1506 1121 annuatim
1521 1089 1651 1122 domino

172 1157 259 1188 feodi
286 1157 342 1199 qui
369 1168 425 1199 pro
450 1160 593 1199 tempore
620 1157 721 1189 fuerit
749 1160 813 1189 tres
841 1158 957 1190 solidos
982 1158 1024 1189 ad
1051 1158 1130 1190 duos
1157 1158 1235 1190 anni
1263 1159 1418 1190 terminos
1440 1158 1588 1190 videlicet
1610 1159 1651 1191 ad

172 1225 375 1258 nativitatem
412 1225 499 1258 beati
536 1226 558 1259 J
561 1237 712 1258 OHANNIS
745 1226 913 1259 BAPTISTE
950 1238 1049 1259 xvru.
1082 1227 1229 1260 denarios
1262 1230 1294 1259 et
1325 1228 1366 1259 ad
1391 1227 1511 1260 festum
1541 1227 1653 1260 Sancti

173 1294 369 1326 Mmufflms
395 1306 495 1327 xvnl.
522 1296 669 1328 denarios
701 1307 757 1338 pro
789 1296 937 1328 omnibus
970 1296 1109 1328 serviciis
1140 1296 1277 1338 querelis
1310 1296 1402 1328 sectis
1433 1296 1593 1328 curiarum
1623 1299 1655 1329 et

174 1363 368 1396 secularibus
390 1365 566 1396 demendis.
614 1364 677 1397 Pro
700 1365 758 1397 hae
782 1369 890 1397 autem
911 1365 1086 1398 donacione
1112 1366 1310 1398 concessione
1336 1368 1368 1398 et
1390 1366 1469 1398 carti
1491 1367 1555 1398 mei
1586 1366 1652 1407 (sic)

174 1433 413 1466 confirmatione
429 1433 518 1466 dedit
534 1434 614 1466 mihi
630 1434 735 1467 dictus
751 1434 846 1467 MxLo
863 1444 918 1466 xx.
937 1435 1054 1467 solidos
1070 1434 1299 1477 sterlingorum
1317 1434 1533 1477 premanibus.
1581 1435 1654 1477 Ego

174 1513 248 1533 vero
263 1502 424 1544 predictus
440 1502 656 1535 erLnLMi‘s
673 1506 703 1535 et
725 1503 857 1536 heredes
880 1504 944 1536 mei
968 1504 1019 1536 vel
1042 1504 1106 1536 mei
1129 1504 1284 1547 assignati
1307 1504 1426 1536 dietam
1447 1504 1652 1536 medietatem

174 1571 258 1603 dicte
273 1573 356 1604 terre
374 1571 453 1603 sicut
471 1572 607 1604 divisam
634 1573 699 1615 (sic)
725 1575 771 1605 est
787 1573 872 1605 dicto
887 1573 1020 1605 MILONI
1040 1576 1072 1604 et
1087 1573 1257 1605 heredibus
1273 1573 1338 1605 suis
1355 1576 1387 1605 et
1402 1573 1467 1605 suis
1483 1573 1653 1616 assignatis

174 1651 230 1682 pro
246 1639 388 1682 predicto
405 1640 536 1673 servicio
549 1643 660 1674 contra
677 1653 785 1674 omnes
801 1641 950 1674 mortales
967 1641 1247 1674 warantizabimus
1262 1641 1515 1684 acquietabimus
1533 1642 1566 1674 in
1583 1653 1652 1684 per-

172 1712 306 1751 petuum
323 1711 354 1742 et
370 1709 588 1742 defendemus.
636 1710 685 1743 Ut
702 1710 760 1743 hec
777 1714 885 1743 autem
901 1722 972 1743 mea
993 1711 1126 1743 donatio
1156 1711 1312 1743 concessio
1336 1714 1367 1743 et
1390 1711 1468 1743 carti
1490 1711 1553 1743 mei
1583 1711 1648 1753 (sic)

174 1776 371 1810 confirmatio
391 1778 600 1811 stabilitatem
621 1782 653 1812 et
673 1779 771 1813 robur
790 1780 932 1822 optineat
955 1780 989 1812 in
1011 1782 1204 1822 perpetuum
1224 1780 1307 1812 hano
1329 1782 1508 1822 presentem
1530 1782 1650 1812 cartam

172 1857 278 1879 meam
301 1847 400 1889 sigilli
422 1847 486 1879 mei
504 1848 711 1891 impressione
734 1850 890 1882 roboravi.
938 1849 1016 1881 Hiis
1031 1849 1168 1882 testibus
1187 1849 1384 1882 .WAmm‹0
1406 1849 1444 1881 de
1462 1848 1625 1881 Rursus-1
1642 1875 1648 1880 .

172 1919 250 1948 tunc
265 1916 395 1948 domino
411 1916 518 1949 feodi.
530 1917 688 1951 Wnosou
706 1917 854 1952 WASSAN
871 1944 876 1950 .
892 1918 1081 1951 anssmno
1094 1918 1169 1951 Tm
1181 1944 1187 1950 .
1201 1918 1224 1951 J
1226 1929 1368 1950 οΗΛΝΝΕ
1386 1918 1627 1950 Fam-xum
1641 1943 1647 1949 .

173 1984 308 2017 Meum
323 1996 364 2028 ap
381 1984 515 2018 CRADoc
533 2012 540 2018 .
558 1988 590 2018 et
605 1986 686 2019 aliis.

217 2053 318 2086 Smau
334 2054 399 2086 seal
415 2054 449 2086 of
463 2066 562 2097 green
578 2067 650 2087 wax
663 2068 669 2087 :
694 2068 713 2088 a
729 2058 844 2088 rosette
861 2056 894 2088 of
911 2057 1001 2099 eight
1017 2057 1135 2099 points.

687 2127 694 2141 ‘
713 2131 744 2162 4-
768 2137 782 2157 s
800 2151 910 2157 .....
929 2136 970 2157 LE
989 2151 995 2157 .
1013 2125 1123 2157 MIREJ

218 2190 276 2212 This
288 2190 307 2211 is
319 2198 333 2212 a
345 2194 418 2219 grant
429 2191 453 2213 in
466 2192 502 2214 fee
514 2192 547 2220 by
556 2192 673 2219 William,
684 2200 728 2215 son
736 2194 761 2215 of
773 2193 890 2221 Wergan.
901 2202 915 2215 a
927 2193 1063 2222 physician.
1072 2196 1097 2216 to
1109 2193 1151 2215 the
1164 2193 1226 2215 Lord
1239 2192 1299 2215 Milo
1311 2193 1339 2215 de
1352 2192 1449 2221 Reigny
1461 2192 1486 2214 of
1497 2192 1538 2213 the
1551 2191 1642 2220 moiety

179 2233 204 2254 ot
215 2233 243 2255 20
255 2239 321 2255 acres
332 2233 358 2255 of
373 2233 438 2262 land,
450 2234 530 2256 which
542 2234 571 2256 he
582 2235 638 2257 held
650 2235 683 2264 by
696 2235 798 2258 Charter
809 2236 833 2258 of
846 2235 964 2263 william,
975 2236 1056 2258 father
1068 2236 1093 2258 of
1110 2235 1179 2264 Milo,
1191 2235 1238 2257 and
1255 2234 1335 2257 which
1346 2234 1387 2263 lay
1399 2234 1473 2256 south
1490 2235 1514 2255 οἱ
1532 2233 1572 2255 the
1584 2233 1640 2255 land

180 2274 206 2296 of
216 2273 326 2297 Wronou
337 2274 442 2298 wassan
455 2284 459 2298 :
482 2275 543 2298 Milo
554 2279 581 2299 to
592 2283 641 2306 pay
652 2278 686 2299 3³.
699 2284 740 2306 per
751 2284 843 2300 aunum
854 2280 880 2299 to
892 2278 933 2300 the
945 2278 1009 2300 chief
1020 2278 1080 2305 iord,
1092 2278 1140 2300 and
1152 2278 1200 2299 20³.
1212 2277 1265 2299 into
1276 2277 1317 2299 the
1329 2276 1407 2298 hands
1419 2276 1445 2298 of
1462 2275 1502 2298 the
1514 2278 1622 2304 grantes.
