1998 2724
1515 177 1579 208 263

795 485 980 519 OOLXVI.

144 582 445 616 AGREEMENT
490 581 729 615 BETWEEN
777 580 999 614 WILLIAM
1044 580 1108 613 DE
1154 579 1306 613 BARRI
1351 579 1452 612 AND
1497 579 1624 612 JOHN

259 652 323 684 DE
369 652 433 684 LA
478 651 617 684 MARA
662 650 958 683 RESPECTING
1005 650 1158 683 RENTS
1204 649 1259 682 IN
1297 649 1397 682 THE
1436 649 1528 681 FEE
1568 649 1628 681 OF

261 720 660 755 WALTER’S-TOWN
702 720 755 752 IN
795 720 978 753 GOWER.

682 802 857 845 [MARGAM
881 802 1075 845 CHARTER]
1179 801 1319 834 BEFORE
1343 802 1490 840 EAst,
1516 802 1610 833 1201.

197 885 270 918 Hec
293 888 341 917 est
356 886 525 918 conventio
548 885 635 917 facta
656 886 741 917 inter
766 884 991 917 WILLELMUM
1017 885 1056 916 de
1078 884 1192 916 Bima
1223 880 1290 916 set
1317 884 1512 916 JOHANNEM
1541 885 1581 916 de
1604 884 1636 915 la

153 955 261 987 MARA
278 955 365 997 quod
379 955 541 997 predictus
561 953 777 986 WILLELMUS
806 980 812 986 .
837 954 1060 996 prenominato
1080 953 1102 986 J
1104 965 1238 985 OHANNI
1261 965 1319 996 pro
1343 965 1395 985 xv.
1422 954 1537 985 marcis
1559 965 1638 995 quas
1659 984 1660 991 ,

156 1023 268 1056 debuit
290 1023 339 1056 ffli
362 1035 419 1066 pro
442 1024 640 1056 relaxatione
664 1024 746 1066 juris
769 1024 856 1065 quod
872 1023 968 1065 peciit
981 1023 1015 1054 in
1033 1023 1129 1055 feudo
1146 1023 1185 1055 de
1202 1023 1280 1055 villa
1295 1022 1466 1055 WALTEm
1483 1022 1518 1054 in
1535 1022 1636 1055 GUER

156 1093 309 1126 concessit
330 1097 367 1125 ut
387 1104 444 1135 per
464 1093 607 1135 spacium
633 1094 731 1124 vrum·
752 1104 911 1125 annorum
932 1093 1087 1135 percipiat
1109 1092 1235 1135 integre
1256 1093 1403 1124 redditus
1422 1092 1639 1134 prenominati

156 1162 247 1194 feudi
270 1163 309 1195 de
333 1162 410 1194 villa
426 1162 597 1195 WALTERl
617 1186 622 1192 .
641 1162 789 1194 videlicet
809 1188 814 1193 .
833 1166 931 1194 xxxffl*
953 1162 1068 1194 solidos
1090 1162 1259 1193 annuatim
1276 1161 1293 1193 ἑ
1310 1161 1475 1193 monachis
1499 1162 1538 1193 de
1561 1161 1640 1193 Nm*

156 1232 392 1275 persolvendos.
454 1231 508 1264 Ita
538 1232 623 1274 quod
655 1232 818 1273 predictus
849 1231 1067 1264 WHAEELMFS
1098 1234 1169 1273 post
1199 1231 1319 1272 primos
1351 1236 1442 1262 111J⁰¹'·
1486 1241 1587 1262 annos
1615 1230 1641 1261 si

156 1303 333 1334 memorato
356 1301 379 1334 J
380 1312 515 1333 OHANNI
551 1312 615 1333 vm.
649 1312 772 1333 marcas
804 1304 837 1333 et
868 1301 1036 1333 dimidiam
1070 1300 1249 1342 persolvere
1281 1300 1419 1332 voluerit
1457 1326 1462 1331 .
1496 1300 1641 1332 decetero

156 1371 337 1414 predictum
360 1370 497 1403 feudum
520 1370 657 1403 Uberum
681 1373 714 1402 et
737 1371 882 1413 quietum
908 1372 926 1402 a
949 1371 1017 1412 jam
1042 1370 1126 1402 dicto
1150 1370 1172 1402 J
1174 1381 1316 1402 OHANNE
1341 1372 1372 1401 et
1388 1369 1560 1401 heredibus
1577 1369 1641 1401 suis

157 1440 300 1482 recipiat.
347 1439 406 1472 Sin
429 1443 538 1472 autem
564 1467 570 1471 .
595 1440 681 1472 idem
706 1439 889 1472 JOHANNES
913 1440 999 1471 idem
1023 1439 1159 1471 feudum
1182 1450 1283 1481 usqne
1307 1439 1347 1471 ad
1371 1439 1548 1470 terminum
1571 1449 1642 1480 pre-

157 1513 306 1542 notatam
338 1511 437 1541 vnafl'·
466 1521 626 1541 annorum
656 1512 771 1541 tenens
798 1521 922 1541 annuos
943 1509 1090 1551 ejusdem
1115 1508 1206 1540 feudi
1228 1508 1375 1540 redditus
1398 1508 1553 1550 percipiet
1578 1533 1584 1539 .
1610 1509 1642 1539 et

158 1579 306 1621 deinceps
332 1578 420 1610 idem
450 1578 585 1610 feudum
615 1579 758 1620 predicto
790 1578 987 1610 WILLELMO
1018 1581 1050 1610 et
1073 1578 1245 1610 heredibus
1269 1577 1333 1609 suis
1355 1577 1454 1609 h'bere
1478 1582 1509 1609 et
1534 1577 1641 1619 quiete

158 1648 309 1679 remittet.
357 1647 403 1679 Et
433 1647 587 1689 quicquid
619 1648 658 1679 de
690 1648 842 1690 predictis
874 1646 1069 1679 WiLLELMo
1100 1650 1131 1679 et
1162 1647 1329 1679 JOHANNE
1352 1646 1439 1678 infra
1463 1646 1638 1678 terminum

155 1719 361 1758 prenotatam
384 1716 557 1759 contigerit
583 1742 588 1747 .
614 1716 746 1749 heredes
771 1718 946 1749 eorundem
972 1717 1058 1749 inter
1081 1728 1114 1748 se
1137 1718 1252 1748 mutuo
1268 1716 1478 1758 prescriptam
1502 1726 1638 1747 conven-

157 1785 279 1817 tionem
294 1785 429 1817 firmiter
445 1788 476 1817 et
492 1785 631 1817 fideliter
653 1785 878 1818 observabunt.
929 1786 1002 1818 Hec
1025 1786 1193 1818 conventio
1210 1785 1272 1817 fide
1288 1785 1451 1817 mediante
1468 1785 1544 1816 hinc
1559 1785 1635 1816 inde

161 1855 348 1886 confirmata
371 1857 419 1886 est
445 1881 450 1885 .
476 1866 562 1887 anno
586 1855 626 1887 ab
651 1855 871 1887 incarnatione
898 1855 1031 1887 Domini
1060 1861 1106 1887 M0·
1125 1861 1197 1887 αωο-
1226 1856 1339 1887 eodem
1359 1865 1445 1886 anno
1468 1866 1531 1896 quo
1557 1853 1641 1885 Lm-

161 1933 324 1954 GONENsrs
351 1923 516 1966 episeopus
547 1924 721 1956 defunctus
753 1927 799 1956 est
831 1925 887 1967 qui
918 1925 1019 1956 frater
1049 1927 1116 1956 erat
1149 1924 1270 1956 ordinis
1309 1923 1553 1956 GARTUSIENSIS
1585 1949 1591 1955 .
1624 1934 1644 1954 a

161 1991 308 2034 proximo
324 1991 425 2023 Pasca
441 2003 543 2034 usque
560 1993 599 2024 ad
617 1993 794 2025 terminum
810 1994 969 2035 prefixum
985 1994 1152 2025 duratura.
1200 1992 1266 2025 His
1276 1992 1412 2025 testibus
1425 2018 1431 2023 .
1445 1991 1642 2024 WILLELMO

158 2060 268 2093 Loun’
288 2086 294 2092 .
313 2061 482 2093 PHILIPPO
499 2062 538 2093 de
554 2061 718 2094 Mimos
736 2088 742 2094 .
762 2062 957 2095 WILLELMO
974 2064 1013 2094 de
1030 2062 1189 2094 ommam
1204 2087 1210 2094 .
1223 2062 1421 2096 WILLELMO
1437 2061 1618 2093 Pmcmzm
1632 2086 1638 2092 .

162 2129 184 2162 J
186 2140 328 2161 οΗΑΝΝΕ
345 2130 385 2161 de
401 2129 531 2162 PENms
548 2155 555 2163 .
573 2130 753 2163 MAURITIO
769 2132 809 2163 de
826 2131 985 2163 HENLms
1004 2157 1009 2163 .
1027 2131 1128 2163 'rom
1152 2131 1384 2163 BLANCAGNEL
1413 2156 1419 2162 .
1449 2130 1645 2162 W1L11E11Mo

164 2209 313 2230 converso
338 2224 345 2230 .
369 2198 537 2230 JOHANNE
553 2199 699 2231 MANSEL
717 2225 724 2231 .
741 2200 764 2233 J
766 2211 907 2232 OHANNE
923 2200 1016 2233 ΤΒΕ-ε
1037 2226 1042 2231 .
1062 2200 1162 2232 ΤοΜΑ
1178 2201 1246 2232 fflio
1261 2200 1393 2232 Auum
1415 2225 1421 2231 .
1439 2198 1598 2231 SAMSONE
1614 2200 1647 2230 et

164 2267 264 2299 fratre
280 2278 336 2299 suo
352 2267 529 2300 WALTERO
546 2294 552 2300 .
570 2268 662 2300 Vnso
680 2295 686 2301 .
704 2268 866 2301 RossERTo
884 2269 1010 2301 VNRED
1030 2295 1035 2301 .
1055 2269 1197 2301 Domino
1217 2295 1222 2301 .
1240 2269 1283 2301 A.
1309 2268 1424 2300 abbate
1451 2268 1490 2299 de
1515 2266 1621 2299 Nmn
1640 2291 1646 2298 .
