1998 2724
1486 165 1549 195 467

734 315 976 349 CCCCLXIX.

119 396 388 432 QUITOLAJM
416 396 480 429 ΒΥ
508 397 675 430 MABEL
704 398 768 430 DE
796 398 1077 432 BONAVILLA
1108 398 1166 431 OF
1197 398 1300 431 ΗΕΒ
1331 399 1506 432 DOWER
1537 399 1590 432 IN

391 465 755 499 BONVILLESTON
794 467 851 499 To
890 467 1099 500 MARGAM
1137 467 1309 500 ABBEY.

588 547 720 590 [HARL.
739 548 913 588 CHAnrmz,
932 551 972 581 75
990 549 1027 581 Β.
1050 551 1113 590 14.]
1327 550 1432 582 CIRCA
1450 551 1543 582 1230.

159 628 270 661 Sciant
285 632 447 671 presentes
463 632 495 661 et
511 629 613 661 futuri
630 630 715 671 quod
732 641 791 672 ego
807 630 970 663 MABILLA
986 632 1026 663 de
1051 631 1252 664 Eoum-nm
1266 632 1397 664 consilio
1413 633 1588 665 amicorum

114 709 260 730 meorum
276 698 400 740 quitam
424 698 560 730 clamavi
580 698 650 731 Deo
673 701 705 730 et
727 699 854 731 ecclesie
878 699 970 731 beate
992 700 1114 732 MARIE
1129 702 1169 732 de
1192 701 1347 733 MARGAN
1371 703 1403 733 et
1425 701 1590 734 monachis

114 767 236 799 ibidem
252 767 322 800 Deo
338 767 550 800 servientibus
565 770 667 800 totam
685 769 791 800 dotem
807 780 911 801 meam
927 770 960 801 in
985 772 1069 802 terra
1085 771 1125 802 de
1141 769 1429 802 Boxnvnmswn
1444 781 1502 813 pro
1518 773 1588 802 ooto

113 836 204 869 libris
219 837 456 880 sterlingorum.
505 837 547 869 Et
569 848 630 879 ego
654 837 866 869 warantizabo
889 838 976 869 istud
999 841 1110 870 contra
1132 850 1242 871 omnes
1264 839 1409 871 homines
1432 840 1589 881 quamdiu

115 905 232 938 vixero.
290 905 369 938 Hiis
391 905 526 938 testibus
543 931 548 937 .
568 905 758 938 REmm-no
781 907 820 938 (16
844 906 949 938 Sum
968 933 973 938 .
993 907 1154 939 ROBERTO
1177 907 1312 940 SAMSON
1331 933 1336 939 .
1355 907 1534 940 GALFRIDO
1550 909 1590 941 de

113 974 318 1007 BONAVILLA
343 1000 349 1006 .
374 974 536 1006 HENRICO
560 975 599 1006 de
622 974 825 1007 BoxAvuLA
853 1001 859 1006 .
887 975 1019 1007 SmoNE
1050 978 1090 1008 de
1121 976 1324 1008 BONAVILLA
1357 1002 1362 1008 .
1396 977 1588 1009 RADULPHO

114 1043 254 1085 portario
270 1069 277 1075 .
296 1043 490 1076 W1LLELMO
506 1044 546 1075 de
561 1043 676 1075 KERD’
692 1044 857 1076 monachis
872 1045 911 1077 de
928 1045 1119 1088 MARGA[N]
1138 1048 1170 1077 et
1185 1046 1296 1077 multis
1317 1046 1396 1077 aliis.

158 1111 288 1155 Oblong
311 1113 375 1145 seal
391 1112 426 1144 of
448 1112 528 1145 dark
551 1124 649 1155 green
673 1124 754 1151 wax,
774 1114 789 1144 1
815 1113 858 1154 by
877 1114 917 1155 12}
942 1114 1058 1146 inches.
1107 1114 1148 1146 In
1173 1115 1227 1146 the
1246 1118 1353 1146 centre
1371 1115 1398 1146 is
1417 1119 1464 1147 set
1480 1127 1498 1147 a
1514 1127 1588 1158 gem

111 1181 270 1214 inscribed
285 1181 319 1213 in
335 1181 455 1214 Arabio
473 1182 677 1223 [translated]
701 1186 708 1199 ‘
723 1205 858 1214 ......
877 1194 933 1214 son
949 1183 983 1215 of
1006 1183 1162 1215 Mahfuz!

156 1250 346 1293 Legend—‘
358 1262 373 1282 s
390 1262 396 1282 :
414 1261 558 1282 MABILIE
577 1263 583 1282 :
601 1262 645 1282 DE
663 1262 669 1282 :
688 1261 777 1283 BONA
795 1263 801 1283 z
821 1252 943 1283 VILLA.'

157 1319 381 1352 Endorsed—‘
394 1320 491 1351 Carta
506 1319 642 1352 Mabilie
658 1321 697 1352 de
713 1320 876 1352 Boneuill'
894 1322 933 1353 (le
950 1322 1024 1352 dote
1040 1321 1118 1352 sua.'

654 1388 700 1410 For
714 1389 826 1411 Bonville
839 1395 877 1411 see
889 1388 1038 1411 DXXVIIL

737 1520 959 1553 OOOOLXX.

111 1600 274 1633 GRANT
317 1601 382 1633 BY
428 1601 614 1634 OSBERN
660 1601 801 1634 BOSSE
851 1601 911 1634 OF
958 1601 1089 1634 LAND
1121 1601 1183 1634 AT
1214 1602 1585 1642 HOHELESWRDI,

596 1670 655 1703 ΤΟ
694 1670 905 1703 MARGAM
943 1670 1114 1703 ABBEY.

568 1751 700 1794 [HARL.
725 1751 901 1791 CHARTER,
927 1753 967 1783 75
992 1752 1031 1784 Β.
1056 1751 1127 1795 23.]
1321 1752 1426 1784 CIRCA
1444 1753 1537 1785 1230.

154 1833 264 1865 Sciant
292 1836 454 1876 presentes
480 1837 513 1865 et
537 1833 642 1865 futuri
668 1835 754 1876 quod
781 1846 841 1875 ego
868 1833 1047 1866 Osnmzxus
1073 1833 1178 1865 BossE
1206 1845 1360 1866 consensu
1390 1837 1422 1866 et
1452 1834 1583 1867 consilio

110 1902 265 1934 heredum
281 1913 426 1934 meorum
441 1904 474 1934 et
489 1902 625 1934 aliorum
640 1903 815 1934 amicorum
831 1914 976 1934 meorum
992 1903 1066 1934 dedi
1082 1905 1114 1934 et
1135 1903 1272 1935 concessi
1289 1905 1320 1935 et
1335 1903 1395 1935 hac
1411 1906 1497 1935 carta
1512 1915 1584 1935 mea

108 1971 295 2003 confirmavi
317 1970 388 2002 Deo
411 1973 443 2003 et
466 1971 593 2003 ecclesie
616 1971 708 2003 beate
734 1972 852 2003 MAmE
876 1973 915 2003 de
948 1971 1102 2004 MARGAN
1130 1974 1162 2003 et
1184 1971 1348 2004 monachis
1367 1971 1488 2004 ibidem
1512 1971 1583 2004 Deo

108 2038 320 2071 servientibus
335 2039 372 2071 in
388 2051 503 2081 puram
519 2042 550 2072 et
566 2043 753 2082 perpetuam
770 2041 977 2072 elemosinam
993 2043 1095 2072 totam
1107 2044 1226 2072 terram
1240 2052 1346 2072 meam
1355 2041 1390 2072 in
1400 2040 1583 2072 HOHELES-

107 2119 200 2140 WRDI
232 2108 352 2140 scilicet
374 2119 474 2140 unam
496 2120 602 2140 acram
625 2111 709 2140 terre
732 2112 765 2141 et
787 2109 957 2141 dimidiam
985 2112 1016 2141 et
1047 2110 1287 2151 aliquantulum
1313 2109 1417 2151 majus
1442 2112 1479 2141 ut
1505 2109 1583 2141 djoti

106 2177 257 2209 monachi
274 2176 414 2209 habeant
426 2180 458 2208 et
470 2180 602 2209 teneant
614 2178 748 2210 eandem
760 2180 879 2210 ten-am
891 2179 930 2210 de
943 2189 994 2210 me
1007 2181 1037 2210 et
1051 2178 1221 2210 heredibus
1232 2178 1311 2210 meis
1321 2177 1421 2210 libere
1433 2181 1465 2210 et
1475 2178 1582 2220 quiete

103 2248 139 2278 et
149 2246 279 2288 pacifice
291 2245 331 2278 ab
341 2246 430 2278 omni
440 2246 670 2278 consuetudine
682 2249 714 2278 et
726 2247 890 2279 exactione
902 2250 933 2279 et
946 2247 1077 2279 servicio
1089 2247 1232 2286 seculari,
1243 2247 1324 2279 sicut
1334 2247 1401 2278 ulla
1411 2247 1583 2279 elemosina.
