1998 2724
1532 178 1595 208 479

206 337 276 369 Nos
297 339 405 369 autem
432 336 527 368 istam
557 335 776 368 remissionem
800 335 943 378 quietam
972 335 1200 367 clame-cionem
1224 335 1434 366 donacionem
1458 339 1490 366 et
1513 346 1636 366 conces-

162 406 284 439 sionem
314 408 417 438 ratam
447 404 603 437 habentes
634 406 665 436 et
696 406 823 447 gratam
862 405 930 437 sine
969 404 1078 447 aliqua
1118 404 1346 436 reclamacione
1386 404 1639 436 contradiccione

162 475 345 518 calumpnia
375 475 426 506 vel
456 474 699 517 perturbacione
730 485 786 516 pro
817 474 908 506 nobis
940 476 971 506 et
1001 473 1173 506 heredibus
1204 474 1321 506 nostris
1352 473 1422 505 Deo
1454 476 1487 504 et
1514 473 1641 505 ecclesie

162 545 248 578 beati
271 544 464 577 THEHAWY
490 545 529 576 de
554 543 701 576 LANDAF
726 544 965 586 imperpetuum
989 544 1190 576 concedimus
1215 546 1247 575 et
1273 543 1541 576 confirmavimus.
1597 542 1639 575 In

163 614 256 658 cujus
271 614 318 647 rei
332 614 554 647 testimonium
570 613 645 646 huic
660 614 800 656 presenti
818 614 935 656 scripto
958 613 1104 655 sigillum
1129 615 1276 645 nostrum
1300 613 1515 655 apposuimus.
1564 611 1641 644 Hiis

161 683 296 716 testibus
314 709 319 715 .
337 684 492 726 magistro
517 682 650 715 SmoNE
676 683 716 714 de
742 682 911 714 RADENOR
938 685 1016 714 tunc
1043 682 1265 714 archidiacono
1292 682 1439 714 Lmnff
1466 707 1472 713 .
1500 681 1641 713 Domino

163 752 341 786 WALTERO
367 752 407 784 de
435 751 748 784 SYLL1E.D0min0
770 751 930 783 Roenuro
961 752 1000 783 de
1032 751 1170 784 PENRES
1203 777 1208 783 .
1236 751 1378 783 Domino
1406 750 1577 782 Pmmpo
1603 751 1643 781 de

165 821 297 853 Fnonm
323 847 328 852 .
354 821 496 853 Domino
519 820 541 853 J
544 831 686 852 OHANNE
710 821 750 852 de
772 820 903 854 VILERs
930 846 936 851 .
962 820 1102 852 Domino
1125 820 1281 852 RmARno
1297 820 1336 851 de
1353 819 1457 851 MORA
1476 845 1481 851 .
1501 819 1642 850 Domino

165 890 312 923 DANYEL
329 890 477 923 SYWARD
495 916 501 921 .
518 889 661 922 Domino
677 889 873 923 WILLELMO
889 890 928 921 de
945 889 1173 921 BERKEROLES
1192 914 1198 920 .
1217 889 1358 921 Domino
1383 887 1578 922 WILLELMO
1601 888 1640 919 de

166 959 403 992 DERNEFORDE
431 985 436 991 .
465 958 661 992 WILLELMO
691 959 731 991 de
762 958 876 990 Bfflm
910 985 915 990 .
946 958 1107 990 HEcho
1138 957 1317 990 SCURLAGE
1346 983 1351 989 .
1378 957 1574 991 WILLELMO
1605 958 1644 988 de

165 1028 377 1061 LANGETONE
396 1054 402 1060 .
421 1028 591 1060 Pmmppo
607 1029 647 1060 de
663 1027 768 1060 NEm
787 1054 792 1058 .
812 1027 977 1060 JOHANNE
995 1028 1033 1059 do
1050 1027 1154 1059 Mam
1173 1029 1204 1059 et
1221 1027 1302 1058 aliis.

760 1197 1039 1231 OGOOLXXXI.

190 1279 353 1313 GRANT
391 1279 455 1312 BY
493 1279 715 1312 WILLIAM
754 1279 1036 1312 GILLEMIOH’
1068 1279 1126 1312 OF
1165 1278 1297 1312 LAND
1337 1278 1391 1311 IN
1430 1278 1615 1311 KENFIG

650 1348 708 1381 TO
747 1348 956 1381 MARGAM
995 1348 1167 1380 ABBEY.

716 1431 892 1474 [MARGAM
909 1430 1104 1473 CHARTER]

215 1512 402 1556 [Universis
428 1512 545 1545 Sancte
574 1513 686 1545 matris
716 1512 865 1555 eccles]ie
896 1512 970 1545 filiis
1000 1512 1055 1554 qui
1086 1514 1266 1554 presentem
1296 1511 1494 1553 inspexerint
1526 1513 1647 1543 cartam

169 1582 386 1615 WILLELMUS
403 1582 611 1615 GILLEMICH'
628 1583 776 1615 salutem.

213 1651 340 1684 Notum
354 1651 437 1684 facio
453 1652 655 1684 universitati
671 1654 776 1684 vestre
801 1676 1106 1683 ..........
1132 1651 1215 1682 senti
1238 1653 1325 1682 carta
1348 1661 1420 1682 mea
1443 1650 1644 1682 confirmasse

169 1720 241 1753 Deo
257 1723 289 1752 et
304 1720 396 1752 beate
411 1720 532 1752 MARIF„
548 1723 581 1753 et
595 1721 760 1753 monachis
775 1721 815 1753 de
834 1721 990 1753 MARGAN
1017 1746 1022 1751 .
1048 1713 1204 1752 consensu
1226 1721 1258 1751 et
1282 1718 1480 1751 concessione
1497 1719 1645 1761 conjugis

171 1814 310 1821 .....
334 1792 505 1831 parentum
515 1801 659 1822 meorum
672 1792 704 1822 et
714 1790 889 1822 amicorum
901 1816 907 1821 .
922 1795 1007 1821 VI1J0·
1027 1800 1115 1820 acras
1130 1792 1213 1820 terre
1223 1799 1293 1820 mee
1305 1799 1367 1830 que
1380 1790 1427 1819 est
1439 1788 1473 1819 in
1485 1787 1645 1820 territorio

169 1859 208 1890 de
225 1858 396 1890 KENEFEG
411 1858 528 1890 liberas
543 1863 575 1890 et
591 1859 715 1901 quietas
730 1858 771 1891 ab
787 1859 875 1891 omni
894 1858 1039 1901 [servitio
1056 1857 1104 1900 et]
1124 1857 1258 1890 seculari
1281 1857 1448 1889 exactione
1471 1857 1505 1888 in
1529 1868 1643 1898 puram

170 1930 203 1959 et
229 1930 417 1969 perpetuam
442 1927 649 1959 elemosinam
673 1939 730 1970 pro
755 1928 858 1960 salute
885 1928 992 1959 anime
1022 1938 1091 1959 mee
1117 1930 1149 1958 et
1175 1928 1411 1958 antecessorum
1438 1936 1582 1957 meorum
1613 1928 1645 1957 et

172 2007 385 2027 successorum
403 2020 409 2027 .
427 2007 489 2038 que
505 1996 653 2028 videlicet
671 2022 677 2028 .
704 2022 710 2028 .
738 2022 744 2028 .
770 2021 776 2028 .
795 2008 812 2028 e
828 1997 939 2028 divisis
954 1999 1037 2028 terre
1053 1995 1155 2027 ΜΕΗΙ
1173 1996 1214 2026 ad
1237 1995 1394 2027 orientem
1412 2020 1418 2026 .
1437 1997 1469 2026 et
1484 1994 1644 2036 incipiunt

171 2076 190 2096 a
205 2075 325 2107 magna
341 2065 394 2096 via
409 2065 450 2096 ad
465 2066 716 2107 septentrionem
732 2076 794 2107 que
810 2065 901 2097 vadit
916 2066 955 2096 de
977 2065 1044 2097 loco
1062 2064 1117 2106 qui
1133 2064 1199 2096 fuit
1216 2090 1222 2095 .
1250 2090 1256 2096 .
1283 2090 1289 2095 .
1316 2090 1322 2095 .
1347 2075 1457 2096 versus
1473 2063 1644 2094 KENEFEG

169 2136 201 2165 et
216 2134 356 2165 tendunt
372 2145 498 2165 sursum
515 2135 555 2166 ad
571 2137 725 2166 austrum.
772 2134 846 2166 Has
861 2134 963 2177 igitur
980 2139 1064 2165 V1110·
1084 2145 1172 2165 acras
1187 2133 1268 2165 sicut
1289 2132 1410 2165 ibidem
1426 2135 1502 2164 sunt
1518 2143 1644 2164 mensu-

170 2204 239 2235 rate
255 2206 288 2234 et
298 2202 362 2234 suis
374 2202 491 2234 finibus
510 2227 681 2234 ......
706 2202 871 2234 monachis
882 2203 916 2234 in
928 2202 1160 2244 sempiternum
1173 2202 1318 2234 concedo.
1367 2200 1413 2233 Et
1424 2212 1434 2243 J
1440 2203 1646 2232 uramentum

171 2271 269 2303 etiam
285 2275 352 2303 tam
368 2282 428 2313 ego
445 2282 542 2313 qnam
558 2271 643 2303 filius
659 2282 749 2303 meus
764 2273 797 2303 et
819 2274 967 2313 parentes
984 2272 1029 2302 eis
1052 2271 1250 2313 prestitimus
1275 2296 1281 2302 .
1299 2271 1386 2312 quod
1410 2281 1575 2311 nunquam
1592 2281 1648 2311 per
