1998 2724
339 155 402 186 458

292 310 413 343 ibidem
437 309 711 342 commanentium
739 311 770 340 ct
796 307 938 339 molibus
961 306 1102 349 regionis
1129 330 1134 336 .
1160 306 1284 338 exitum
1307 305 1409 337 alium
1432 304 1618 336 nullatenus
1640 303 1778 345 reperire

293 380 454 412 valuimus
478 405 484 411 .
510 390 573 421 quo
597 378 648 410 vel
671 377 839 409 horrendis
863 374 1176 417 conspirationibus.
1195 374 1246 406 vel
1268 374 1456 406 inveteratis
1479 371 1778 405 exordinationibus

292 449 367 481 finis
388 449 575 490 imponatur
598 450 630 480 et
653 446 786 489 respiret
810 446 925 488 religio
951 471 956 476 .
983 445 1045 476 nisi
1073 444 1201 476 abbatie
1224 445 1362 486 quedam
1380 444 1548 475 domorum
1564 442 1672 474 minus
1693 441 1777 474 ordi-

291 522 443 551 natarum
460 517 654 560 subjectioni
672 516 832 549 subtracte
850 514 1012 557 aliquibus
1028 513 1167 546 aliarum
1190 513 1361 556 regionum
1386 512 1526 544 abbaciis
1551 537 1557 543 .
1583 523 1644 553 que
1667 511 1778 543 ruinas

289 588 411 620 ordinis
433 589 502 620 tam
524 587 559 619 in
584 585 807 629 spiritualibus
831 596 929 627 quam
953 582 1188 626 temporalibus
1219 584 1252 614 et
1282 581 1385 614 velint
1408 584 1440 613 et
1463 581 1594 612 valeant
1617 580 1776 611 mauu-ius

287 668 435 699 reparare
458 659 616 698 tanquam
638 654 796 687 matribus
819 654 892 696 jure
916 655 1070 695 perpetuo
1102 653 1326 694 supponantur
1352 677 1357 683 .
1393 650 1447 682 Ita
1471 651 1557 692 quod
1582 660 1774 691 unaqueque

290 728 394 758 mater
417 726 458 758 ad
482 726 590 757 minus
613 725 693 757 duas
716 724 834 756 habeat
857 723 941 754 filias
964 723 997 754 in
1030 724 1115 754 terra
1144 724 1331 753 memorata.
1391 719 1441 752 Ut
1465 721 1490 751 si
1515 720 1644 762 quando
1668 719 1777 761 aliqua

289 795 420 827 illarum
438 795 556 827 collum
579 794 681 826 desub
703 794 785 837 jugo
809 793 922 836 regule
946 794 977 824 et
1001 791 1123 824 ordinis
1146 789 1389 823 contumacibus
1412 793 1443 821 et
1467 789 1637 821 malitiosis
1653 788 1777 830 conspi-

287 864 467 896 rationibus
480 866 651 907 attemptet
664 865 812 895 excutere
829 866 885 894 aut
901 862 1014 894 scisma
1024 871 1189 903 procreare
1208 885 1213 891 .
1232 860 1267 891 in
1276 859 1401 901 reliqua
1412 859 1479 890 filia
1491 858 1599 890 saltim
1611 857 1777 900 refugium

286 934 425 977 reperire
448 934 548 976 possit
571 936 675 966 mater
698 935 870 975 tutumque
900 930 1138 974 receptaculum
1165 957 1170 962 .
1197 930 1275 962 dum
1300 929 1433 961 alterius
1464 928 1634 960 insolentie
1658 927 1778 959 insistit

287 1003 500 1046 reprimende.
525 1003 642 1045 Sicque
655 1002 853 1035 commodius
867 1004 897 1033 et
915 1000 1097 1043 expeditius
1112 1010 1169 1042 pro
1182 1010 1351 1032 causarum
1363 998 1518 1030 varietate
1532 1001 1588 1029 aut
1600 997 1754 1040 temporis
1767 1022 1774 1028 .

285 1074 418 1106 alterius
434 1085 490 1116 per
506 1073 642 1105 alteram
658 1072 896 1115 oppressionem
913 1070 1057 1103 sublevet
1076 1096 1082 1101 .
1101 1073 1158 1101 aut
1174 1070 1284 1101 domet
1299 1068 1473 1100 elationem
1492 1094 1496 1098 .
1515 1067 1611 1109 juxta
1627 1067 1714 1108 quod
1730 1066 1775 1099 ait

284 1145 487 1176 ecclesiastes.
548 1147 555 1160 ‘
570 1143 701 1176 Melius2
727 1145 774 1175 est
791 1143 871 1175 duos
891 1141 989 1173 simul
1006 1152 1071 1172 esse
1089 1151 1187 1182 quam
1210 1150 1313 1171 unum
1329 1138 1451 1170 habent
1468 1138 1553 1170 enim
1578 1138 1775 1169 emolumen-

286 1215 357 1246 tum
374 1213 534 1245 societatis
552 1239 558 1244 .
577 1213 602 1245 si
618 1224 703 1245 unus
719 1212 867 1244 ceciderit
887 1238 892 1242 .
912 1210 952 1243 ab
975 1211 1075 1242 altero
1091 1209 1242 1241 fultietur
1259 1234 1265 1240 .
1283 1220 1322 1240 ve
1345 1208 1403 1240 soli
1420 1208 1496 1250 quia
1512 1218 1585 1239 cum
1603 1207 1751 1238 ceciderit
1769 1232 1774 1237 .

285 1293 351 1315 non
374 1282 473 1315 habet
497 1281 717 1315 sublevamen.
766 1281 852 1313 Item
876 1281 902 1312 si
930 1279 1121 1312 dormierint
1145 1279 1209 1310 duo
1234 1304 1239 1310 .
1265 1277 1463 1309 fovebuntur
1494 1278 1617 1308 mutuo.
1679 1275 1779 1308 Unus

287 1356 397 1386 autem
414 1354 574 1396 quomodo
590 1353 713 1386 calefiet
728 1353 742 1384 ¹?
755 1352 762 1366 ’
810 1351 854 1384 Et
872 1354 975 1383 cetera
991 1351 1025 1382 in
1042 1350 1129 1382 hunc
1145 1350 1288 1382 modum.

333 1422 464 1455 Harum
487 1423 590 1466 igitur
621 1425 653 1454 et
688 1421 913 1464 hujuscemodi
936 1421 1181 1452 innumerarum
1212 1418 1370 1450 instinctu
1400 1417 1564 1449 rationum
1597 1442 1602 1448 .
1636 1415 1777 1458 pensatis

285 1492 417 1535 quidem
433 1491 511 1524 hinc
528 1491 707 1535 dispendiis
723 1493 820 1534 atque
835 1490 986 1533 periculis
1004 1516 1009 1521 .
1028 1489 1118 1521 illinc
1134 1487 1332 1520 utilitatibus
1354 1486 1476 1519 ordinis
1499 1488 1530 1518 et
1554 1484 1777 1517 honestatibus

285 1561 433 1604 pluribus
457 1588 462 1593 .
489 1573 551 1603 que
568 1561 593 1593 si
607 1560 786 1593 scribentur
799 1559 942 1592 debitam
955 1562 987 1591 et
1000 1560 1185 1590 consuetam
1201 1557 1235 1589 in
1254 1557 1349 1589 cartis
1360 1556 1553 1588 brevitatem
1564 1555 1776 1587 immoderata

287 1632 336 1664 sui
362 1631 550 1674 prolixitate
574 1631 766 1662 excederent
792 1656 797 1660 .
823 1634 854 1661 et
880 1628 1088 1661 audientibus
1115 1626 1240 1659 tedium
1263 1630 1457 1668 generarent
1482 1651 1488 1657 .
1514 1624 1626 1656 habita
1646 1624 1778 1666 insuper

287 1713 360 1734 cum
374 1701 449 1733 viris
465 1700 653 1733 auctenticis
670 1711 856 1741 summeque
873 1698 984 1741 peritis
1000 1696 1231 1730 deliberatione
1247 1696 1368 1728 diffusa
1383 1699 1415 1728 et
1435 1697 1576 1727 tractatu
1599 1693 1751 1737 diligenti
1769 1718 1775 1725 .

288 1771 328 1803 de
344 1770 488 1812 ipsorum
506 1769 652 1801 omnium
669 1769 817 1800 unanimi
835 1768 965 1799 consilio
982 1766 1146 1798 abbatiam
1163 1766 1203 1797 de
1220 1764 1339 1797 Sancta
1355 1764 1490 1796 Cimon&
1511 1790 1516 1795 .
1535 1774 1597 1805 que
1614 1762 1691 1795 olim
1712 1761 1777 1794 fuit

289 1839 356 1872 filia
379 1839 419 1870 de
443 1838 576 1876 ΜΑΘᾼΟ4
607 1864 612 1869 .
631 1839 742 1870 domui
766 1839 805 1869 de
829 1837 984 1869 MARGAN
1009 1839 1166 1877 tanquam
1189 1834 1286 1866 matri
1319 1834 1464 1866 decetero
1501 1832 1683 1864 subicimus.
1731 1831 1778 1863 Et

290 1909 481 1940 auctoritate
498 1907 631 1950 capituli
648 1907 808 1950 generalis
825 1918 886 1948 que
909 1906 1001 1938 nobis
1022 1904 1191 1937 commissa
1214 1906 1261 1936 est
1288 1929 1294 1935 .
1322 1903 1356 1934 in
1382 1902 1585 1945 plenitudine
1611 1900 1778 1943 potestatis

290 1979 405 2010 domus
420 1978 454 2009 in
471 1977 573 2009 filiam
588 1981 744 2019 perpetuo
761 1976 985 2019 possidendam
1005 2000 1010 2006 .
1029 1977 1066 2006 ut
1081 1974 1124 2005 sic
1142 1976 1209 2005 tam
1225 1973 1267 2004 ad
1282 1973 1416 2004 domum
1432 1972 1472 2003 de
1489 1970 1608 2002 Mimo
1624 1980 1721 2011 quam
1734 1969 1776 2001 ad

290 2047 381 2079 illam
398 2047 438 2078 de
455 2045 573 2078 Sancta
589 2046 703 2078 011ch
720 2046 814 2078 citius
833 2045 1073 2077 reformandam
1100 2069 1105 2075 .
1131 2047 1162 2075 et
1185 2042 1219 2074 in
1236 2044 1322 2074 statu
1343 2040 1452 2073 debito
1474 2041 1628 2082 perpetuo
1651 2049 1775 2071 conser-

290 2117 430 2148 vandam
457 2142 462 2147 .
488 2115 614 2147 facilior
637 2127 777 2147 accessus
802 2120 908 2157 pateat
935 2141 939 2145 .
967 2118 998 2145 et
1029 2114 1191 2154 ingressus
1224 2111 1355 2143 liberior
1389 2136 1394 2142 .
1432 2109 1600 2150 omnisque
1632 2108 1683 2139 via
1714 2118 1776 2150 que

290 2185 456 2227 hucusque
473 2184 614 2217 abbaciis
634 2184 816 2216 Hmaaxm
842 2188 953 2215 contra
976 2183 1122 2215 ordinem
1146 2180 1324 2214 rebellandi
1348 2182 1379 2211 et
1403 2178 1551 2211 scismata
1575 2176 1776 2209 detestabilia

292 2253 482 2296 procreandi
500 2254 533 2285 in
549 2253 698 2296 superbia
716 2265 771 2285 sua
789 2259 819 2284 et
837 2253 869 2284 in
897 2252 1050 2284 abusione
1075 2249 1314 2283 occasionaliter
1339 2247 1505 2280 audatiam
1530 2246 1619 2278 dedit
1643 2248 1675 2277 et
1696 2245 1778 2277 vires
