1998 2724
1543 157 1605 188 675

175 313 320 356 legitime
335 313 458 345 fuerint
479 312 632 355 requisite
648 313 690 345 ad
713 313 933 346 defensionem
949 313 1107 346 dictorum
1130 324 1158 345 a.
1176 317 1208 345 et
1224 324 1249 345 c.
1267 314 1306 346 de
1322 313 1369 346 M.
1387 325 1481 356 super
1496 314 1649 357 premissa

173 382 386 415 convencione
409 382 444 414 in
464 381 586 424 judicio
608 381 785 414 exibebunt
809 384 968 424 quatenus
986 382 1087 415 dictat
1113 382 1218 415 forma
1239 383 1331 425 juris.
1378 383 1424 416 Et
1450 385 1477 416 si
1503 387 1648 426 oporteat

174 453 260 496 quod
280 452 359 485 dicti
376 463 405 484 a.
423 454 455 484 et
470 463 496 484 c.
513 452 554 484 de
572 451 620 484 M.
637 452 680 484 ad
695 451 788 484 istius
803 451 890 494 pacis
913 453 924 471 2
947 463 1002 484 sen
1025 452 1265 495 composicionis
1287 453 1488 486 amicabilem
1511 457 1648 496 querant

172 533 228 554 seu
246 522 420 564 impetrent
437 520 717 553 confirmacionem
732 523 800 553 tam
815 521 894 554 dicti
914 532 942 553 a.
967 524 1000 554 et
1023 533 1048 554 c.
1073 522 1114 554 de
1132 521 1179 554 M.
1197 533 1296 564 quam
1311 522 1388 555 dicti
1403 534 1431 555 a.
1450 525 1481 555 et
1497 534 1523 555 c.
1542 523 1582 555 de
1605 523 1642 556 T.

172 590 395 624 communibus
415 589 597 632 sumptibus
621 590 899 622 confirmacionem
925 590 1091 624 dioceseon
1123 617 1129 623 .
1159 591 1321 625 Videlicet
1347 591 1591 624 LANDAVENSIS
1615 596 1648 625 et

173 659 413 702 metropolitani
449 658 599 692 videlicet
637 658 912 692 CANTUARIENSIS
949 659 1170 702 impetrath
1205 685 1213 692 .
1249 660 1535 694 Confirmacionem
1575 672 1647 694 vero

173 729 322 772 papalem
343 740 400 762 seu
423 728 541 761 summi
557 727 725 760 Pontificis
742 753 748 759 .
766 728 826 760 soli
841 740 870 761 a.
887 733 920 761 et
935 740 961 761 c.
979 729 1019 762 de
1035 728 1082 761 M.
1102 729 1284 772 sumptibus
1306 730 1444 773 propriis
1466 731 1493 762 si
1508 730 1649 763 viderint

174 798 324 841 expedire
353 797 584 840 impetrabunt.
630 797 677 830 Et
707 797 733 830 si
764 798 934 841 contingat
964 799 1051 841 quod
1081 799 1160 832 dicti
1183 811 1211 832 a.
1240 802 1273 832 et
1303 812 1328 832 c.
1357 800 1396 833 de
1422 800 1470 832 M.
1499 800 1572 833 dolo
1598 800 1650 832 vel

173 868 289 901 fraude
304 879 360 900 seu
374 868 483 899 animo
502 866 707 910 malignandi
724 892 731 899 .
748 867 948 909 questionem
972 879 1027 900 seu
1043 867 1135 900 litem
1150 879 1245 910 super
1260 868 1422 911 premissis
1436 868 1497 901 sibi
1513 869 1651 901 dimissis

173 948 301 970 movere
316 937 558 980 procuraverint
572 948 629 970 seu
644 936 850 979 promiserint
867 962 874 969 .
891 937 978 969 idem
993 948 1022 969 a.
1033 940 1066 969 et
1082 948 1107 969 c.
1124 937 1240 970 volunt
1255 940 1286 970 et
1303 938 1482 970 concedunt
1498 950 1555 980 pro
1572 949 1603 971 se
1619 941 1652 970 et

174 1005 403 1039 successoribus
429 1006 494 1038 suis
520 1006 606 1048 quod
631 1016 650 1037 a
675 1005 769 1038 dictis
796 1005 947 1038 omnibus
973 1006 1014 1038 ad
1039 1006 1158 1039 dictam
1184 1006 1348 1039 ecclesiam
1374 1007 1593 1050 spectantibus
1616 1007 1651 1039 in

173 1079 365 1118 perpetuum
394 1075 570 1118 priventur.
631 1074 677 1107 Et
707 1075 734 1107 si
761 1075 930 1118 contingat
957 1086 1010 1108 eos
1039 1075 1134 1108 dictis
1157 1075 1289 1108 decimis
1319 1078 1351 1108 et
1375 1076 1446 1108 aliis
1470 1076 1510 1108 ad
1534 1076 1654 1109 dictam

174 1145 339 1178 ecclesiam
363 1144 580 1188 spectantibus
602 1144 799 1188 judicialiter
822 1144 1005 1187 adjudicari
1027 1155 1083 1177 seu
1105 1144 1226 1187 privari
1251 1170 1257 1177 .
1275 1144 1362 1177 idem
1385 1156 1413 1176 a.
1438 1148 1470 1177 et
1493 1157 1518 1177 c.
1543 1145 1582 1177 de
1606 1145 1653 1177 M.

174 1214 290 1247 volunt
311 1218 344 1247 et
367 1214 401 1246 in
416 1214 537 1247 virtute
559 1214 727 1257 religionis
749 1225 804 1247 sue
828 1213 913 1246 bona
936 1213 999 1246 fide
1023 1213 1216 1255 promittant
1238 1214 1325 1256 quod
1349 1225 1518 1256 nunquam
1537 1213 1655 1256 impos-

175 1285 281 1316 terum
318 1283 353 1315 in
391 1283 620 1326 possessionem
650 1282 736 1316 dicte
773 1282 902 1315 ecclesie
940 1293 1013 1315 cum
1051 1282 1201 1315 omnibus
1238 1283 1279 1314 ad
1317 1283 1453 1315 eandem
1491 1283 1656 1315 ecclesiam

169 1352 388 1395 spectantibus
402 1352 471 1385 sine
486 1363 617 1385 assensu
632 1355 665 1385 et
680 1351 847 1385 voluntate
865 1351 1025 1385 dictorum
1040 1363 1068 1383 a.
1087 1354 1119 1384 et
1135 1363 1161 1384 c.
1180 1351 1218 1384 Τ.
1235 1352 1351 1385 iterato
1366 1352 1496 1395 ingredi
1513 1352 1651 1385 valeant.

176 1421 338 1457 Quociens
366 1433 441 1454 vero
471 1421 644 1465 contigerit
673 1433 702 1454 a.
735 1425 768 1454 et
798 1433 823 1454 c.
853 1421 892 1454 de
923 1420 970 1454 M.
1004 1421 1182 1463 predictam
1213 1421 1382 1464 pecuniam
1413 1421 1478 1453 suis
1510 1421 1656 1454 terminis

176 1491 297 1523 solvere
320 1490 442 1523 tociens
471 1490 628 1533 recipiant
658 1502 678 1523 a
708 1490 860 1534 predictis
887 1501 915 1523 a.
943 1493 976 1523 et
1000 1502 1026 1523 c.
1052 1491 1093 1523 de
1119 1490 1157 1524 T.
1186 1491 1296 1524 literas
1322 1491 1594 1533 acquietancionis
1624 1494 1656 1523 et

173 1559 282 1592 tallias
297 1560 337 1592 de
352 1559 499 1602 ejusdem
514 1559 648 1602 pecunie
663 1559 750 1592 facta
766 1559 938 1593 solucione.

218 1627 282 1660 Per
303 1628 387 1661 hanc
409 1631 518 1661 autem
541 1627 744 1661 amicabilem
761 1629 1023 1671 compositionem
1040 1633 1071 1661 et
1095 1629 1344 1662 convencionem
1359 1641 1415 1662 seu
1431 1630 1518 1672 pacis
1534 1630 1653 1663 forma-

171 1696 296 1728 cionem
312 1697 490 1729 concedunt
505 1699 537 1729 et
552 1697 666 1731 volunt
681 1698 810 1740 utrique
825 1698 945 1730 scilicet
961 1701 1030 1731 tam
1045 1710 1073 1730 a.
1091 1701 1124 1730 et
1140 1710 1165 1730 c.
1184 1699 1224 1731 de
1240 1698 1287 1730 M.
1306 1710 1405 1741 quam
1420 1711 1448 1732 a.
1467 1702 1498 1732 et
1515 1711 1539 1731 c.
1558 1701 1598 1732 de
1615 1701 1650 1732 T.

177 1766 263 1807 quod
287 1776 397 1798 omnes
422 1766 645 1800 contenciones
671 1778 728 1801 seu
755 1767 967 1801 controversie
993 1767 1078 1800 inter
1102 1767 1187 1809 ipsos
1213 1779 1270 1800 seu
1300 1768 1443 1801 acciones
1473 1768 1548 1800 hinc
1578 1769 1653 1801 inde

174 1834 329 1867 hactenus
355 1835 569 1877 undecunque
599 1847 655 1868 seu
686 1838 796 1868 contra
823 1847 1030 1879 quoscunque
1057 1839 1274 1879 competentes
1304 1837 1512 1870 remittantur
1536 1838 1653 1880 imper-

175 1905 310 1945 petuum
327 1929 333 1935 .
351 1906 384 1935 et
406 1903 536 1946 penitus
551 1904 799 1938 adnichilentur.
846 1904 892 1937 Et
908 1905 934 1938 si
958 1906 1127 1948 contingat
1143 1906 1245 1939 dictos
1267 1917 1295 1938 a.
1313 1909 1346 1939 et
1361 1918 1386 1939 c.
1405 1907 1445 1938 de
1462 1906 1508 1938 M.
1526 1918 1545 1938 a
1561 1907 1655 1939 dictis

175 1971 307 2004 decimis
322 1971 383 2005 sibi
398 1973 551 2006 concessis
566 1975 599 2006 et
613 1973 752 2007 dimissis
775 1974 1013 2007 sentencialiter
1029 1975 1097 2007 sine
1113 1974 1229 2007 fraude
1243 1975 1318 2008 dolo
1333 1987 1389 2008 seu
1412 1975 1498 2008 malo
1521 1976 1654 2018 ingenio

176 2042 351 2073 eorundem
373 2041 553 2084 abjudicari
573 2044 692 2075 extunc
715 2044 757 2076 ad
778 2043 973 2076 solucionem
994 2043 1154 2076 dictamm
1178 2044 1299 2087 viginti
1315 2047 1453 2086 quatuor
1475 2055 1655 2077 marcarum

173 2112 206 2141 et
229 2109 362 2142 dimMie
396 2136 402 2142 .
439 2110 535 2143 Idem
557 2123 585 2143 a.
610 2112 651 2143 de
674 2112 721 2144 M.
747 2115 779 2144 et
803 2115 979 2145 conventus
1002 2123 1069 2144 non
1091 2115 1266 2145 teneantur
1304 2139 1310 2145 .
1350 2113 1446 2145 salvis
1468 2112 1602 2154 prefatis
1625 2124 1652 2145 a.

174 2181 206 2210 et
236 2190 261 2211 c.
291 2180 331 2211 de
361 2178 400 2212 T.
434 2180 596 2213 occasione
627 2181 794 2223 questione
824 2184 857 2213 et
886 2181 959 2224 jure
989 2181 1016 2213 si
1047 2192 1108 2223 que
1135 2182 1180 2214 eis
1213 2181 1437 2224 competebant
1469 2207 1474 2212 .
1508 2192 1564 2213 seu
1595 2193 1656 2223 que

174 2247 226 2279 vel
256 2259 335 2290 quas
364 2247 549 2282 habuerunt
578 2250 620 2281 ad
652 2260 763 2282 omnes
793 2250 932 2283 decimas
961 2250 1083 2293 proprii
1113 2250 1231 2283 laboris
1262 2250 1421 2282 dictorum
1447 2261 1476 2283 a.
1503 2253 1535 2282 et
1564 2262 1590 2282 c.
1617 2251 1657 2283 de
