1998 2724
1494 145 1557 176 457

761 333 979 366 OOCOLXV.

136 417 366 457 STEPHEN,
404 415 561 449 ABBOT
600 415 659 448 OF
697 415 926 454 STANLEY,
967 413 1251 447 AFFILIATES
1289 413 1388 446 THE
1427 413 1606 451 OISTER-

245 486 361 519 OIAN
395 484 560 518 ABBEY
598 483 658 516 OF
696 484 757 516 ST.
798 483 946 523 CROSS,
985 483 1018 516 A
1055 482 1326 516 DAUGHTER
1364 482 1423 515 OF
1461 483 1607 522 MAYO,

244 556 298 588 IN
337 553 567 593 IRELAND,
606 553 664 586 ΤΟ
703 553 912 586 MARGAM
950 552 1122 585 ABBEY.

678 634 850 678 [MARGAN
875 634 1068 677 CHARTER]
1472 635 1565 666 12:28.

179 719 351 752 Universis
383 718 525 750 CHRISTI
564 716 712 749 fidelibus
750 728 878 758 presens
917 717 1071 759 scriptum
1108 716 1223 748 visuris
1254 716 1304 748 vel
1332 716 1490 748 audituris
1514 716 1614 748 frater

136 788 351 822 STEPHANUS¹
378 787 482 819 dictus
497 785 595 818 abbas
609 786 650 818 de
666 785 837 817 STANLEIA
854 785 989 817 salutem
1005 788 1148 817 eternam
1162 785 1197 816 in
1213 785 1352 816 domino.

180 857 216 890 Si
242 868 326 889 nova
358 856 496 898 quedam
526 857 623 898 atque
652 855 782 886 insolita
812 855 845 886 in
876 855 987 886 ordine
1017 856 1125 886 nostro
1155 854 1353 896 emergentia
1384 854 1464 886 circa
1493 856 1614 886 statum

138 928 308 959 domorum
315 925 436 958 ordinis
448 925 670 957 innovationes
680 924 804 966 aliquas
815 924 970 955 inducant
977 924 1028 955 vel
1038 923 1278 956 immutationes
1289 949 1295 954 .
1307 934 1371 955 non
1383 926 1430 955 est
1440 923 1615 955 absurdum

137 1000 194 1028 aut
221 994 389 1027 dissonum
414 993 550 1036 equitati
581 1019 587 1025 .
619 993 786 1035 presertim
818 1004 890 1025 cum
926 993 1058 1025 suadeat
1087 992 1190 1035 pietas
1225 1018 1231 1024 .
1271 992 1377 1034 pulset
1406 992 1577 1024 necessitas
1608 1018 1614 1024 .

139 1063 325 1096 blandiatur
341 1062 467 1096 utilitas
483 1062 614 1095 evidens
632 1087 638 1094 .
655 1064 688 1094 et
704 1062 789 1094 salus
813 1062 995 1094 animarum
1014 1085 1020 1092 .
1038 1061 1201 1097 Quoniam
1217 1061 1318 1104 igitur
1334 1061 1474 1093 virorum
1489 1061 1618 1103 religio-

140 1143 247 1165 sorum
262 1134 295 1164 et
313 1131 423 1164 Deum
438 1131 625 1164 timentium
640 1130 749 1163 crebra
778 1131 935 1163 relatione
952 1130 1204 1162 exordinationis
1219 1130 1406 1172 multiplicis
1417 1129 1620 1162 abbatiarum

142 1201 324 1234 HIBERNIE
342 1200 532 1233 miserabilis
547 1200 666 1233 clamor
681 1211 746 1232 non
757 1200 861 1232 solum
878 1200 916 1231 ad
929 1199 1127 1231 audientiam
1142 1199 1284 1231 ascendit
1295 1199 1427 1241 capituli
1439 1199 1598 1241 generalis
1611 1224 1618 1231 .

139 1281 251 1302 verum
275 1270 377 1302 etiam
401 1270 435 1302 in
461 1269 646 1309 scandalum
661 1269 760 1301 totius
775 1269 940 1311 religionis
955 1272 1023 1300 tam
1039 1269 1114 1301 cleri
1129 1280 1226 1310 quam
1242 1268 1353 1311 populi
1369 1268 1618 1310 circumquaque

140 1350 233 1371 aures
249 1338 388 1381 replevit
411 1364 418 1370 .
443 1338 627 1370 desiderans
649 1338 772 1370 dictum
796 1337 974 1380 capitulum
996 1339 1088 1369 tanto
1111 1337 1287 1369 discrimini
1304 1340 1335 1369 et
1350 1337 1484 1369 infamie
1500 1336 1622 1368 ordinis

141 1407 320 1440 remedium
346 1406 497 1440 adhibere
522 1433 527 1439 .
554 1407 675 1449 talique
700 1407 884 1439 animarum
910 1406 1073 1449 periculo.
1092 1409 1123 1438 et
1149 1406 1189 1438 ab
1217 1405 1365 1438 omnibus
1390 1409 1457 1437 tam
1484 1406 1621 1437 dolendo

142 1477 312 1509 affectione
329 1478 476 1508 materna
491 1476 518 1508 si
534 1487 596 1518 quo
612 1476 707 1508 modo
723 1478 828 1518 posset
847 1486 1010 1507 occurrere
1025 1502 1030 1506 .
1045 1475 1086 1507 ad
1100 1486 1209 1507 omnes
1221 1474 1364 1507 abbatias
1377 1475 1558 1506 Hlssfflzmn
1581 1474 1622 1508 ob

142 1545 262 1578 ordinis
280 1544 360 1577 inibi
378 1544 641 1577 reformationem
656 1555 714 1576 nos
729 1544 890 1576 destinare
907 1544 1048 1576 decrevit
1062 1544 1097 1575 in
1120 1543 1322 1586 plenitudiue
1345 1544 1520 1586 potestatis.
1568 1543 1622 1576 Ita

144 1614 231 1656 quod
273 1613 358 1646 iuter
401 1616 505 1646 cetera
547 1613 640 1646 nobis
685 1613 876 1646 auctoritate
922 1613 1054 1655 capituli
1099 1613 1267 1644 memorati
1311 1612 1477 1644 commissa
1522 1612 1622 1645 libere

142 1682 300 1725 possimus
319 1682 387 1714 sine
401 1682 538 1725 alicujus
550 1681 713 1715 obstaculo
725 1682 996 1718 contradictionis,
1009 1684 1041 1713 et
1055 1681 1238 1724 irrequi[si]
1244 1682 1285 1714 tis
1296 1681 1441 1724 patribus
1454 1681 1624 1714 abbatibus

143 1750 288 1783 abbatias
306 1751 413 1793 plures
430 1751 465 1783 in
480 1762 579 1783 unam
596 1751 793 1794 conjungere
810 1777 817 1784 .
835 1751 881 1783 Et
896 1751 968 1783 aliis
991 1750 1130 1783 abbaciis
1153 1751 1298 1793 ejusdem
1317 1751 1524 1783 derivationis
1541 1777 1547 1782 .
1565 1762 1622 1794 pro

140 1819 368 1852 reformatione
399 1820 519 1852 ordinis
550 1822 704 1862 perpetuo
734 1820 769 1852 in
802 1820 885 1852 filias
916 1821 991 1851 dare
1017 1846 1022 1851 .
1048 1819 1134 1851 Item
1165 1819 1411 1851 contradictores
1450 1820 1620 1851 interdicto

144 1898 322 1930 supponere
346 1913 352 1919 .
382 1889 574 1930 suspendere
599 1914 604 1920 .
630 1892 662 1920 et
685 1888 962 1921 excommunicare
987 1914 992 1920 .
1018 1888 1148 1930 insuper
1168 1888 1276 1920 omnia
1291 1888 1438 1920 ordinare
1455 1892 1486 1920 et
1503 1899 1620 1931 agere.

144 1956 227 1989 sicut
243 1956 472 1989 crediderimus
487 1957 645 2000 expedire.

189 2024 259 2057 Nos
285 2025 398 2067 itaque
425 2025 605 2058 obedientie
628 2026 787 2068 premium
810 2038 876 2068 prae
899 2026 998 2058 oculis
1021 2028 1197 2058 statuentes
1219 2030 1251 2057 et
1283 2037 1342 2068 pro
1366 2026 1508 2068 injuncti
1531 2026 1625 2058 officii

147 2093 256 2127 debito
279 2105 344 2126 non
370 2094 437 2126 sine
453 2095 581 2137 magnis
603 2097 636 2127 et
659 2094 775 2127 crebris
798 2095 910 2127 mortis
933 2095 1081 2137 periculis
1104 2095 1205 2127 dictas
1229 2096 1339 2127 domos
1362 2095 1544 2127 HIBERNIE
1560 2106 1625 2127 una

146 2174 220 2195 cum
235 2163 307 2195 aliis
325 2163 401 2195 viris
418 2163 604 2196 auctenticis
620 2166 716 2205 atque
739 2164 883 2195 discretis
905 2166 974 2195 tam
998 2163 1168 2195 abbatibus
1190 2174 1287 2205 quam
1321 2164 1486 2196 monachis
1519 2175 1624 2206 perso-

147 2231 265 2263 naliter
280 2232 434 2264 adeuntes
455 2257 461 2264 .
480 2233 621 2275 pensatis
632 2233 775 2275 undique
788 2233 1041 2266 circumstanciis
1050 2236 1117 2265 tam
1130 2234 1298 2266 domorum
1310 2245 1407 2276 quam
1419 2222 1627 2276 personarum

301 2337 360 2363 311
