1998 2724
1547 146 1608 177 251

173 309 214 341 de
229 308 381 341 CORNELI
401 333 407 339 .
426 306 623 339 anmmo
640 306 738 338 BONA
754 305 903 337 NATURA
921 304 977 347 qni
993 303 1164 335 audierunt
1180 314 1237 334 nos
1254 303 1423 335 concedere
1438 302 1538 345 patris
1557 302 1658 334 nostri

172 377 379 410 donationem
396 375 488 408 hano.

216 446 356 479 Pointed
371 445 443 478 oval
459 445 533 483 seaL
550 445 606 476 red
622 455 703 483 wax,
721 444 762 485 2}
779 443 823 485 by
842 444 881 485 13
898 442 1015 475 inches.
1062 442 1096 474 A
1112 441 1314 480 Welshman,
1331 440 1475 483 wearing
1491 452 1509 472 a
1524 441 1657 483 pointed

171 515 229 548 hat
249 516 313 547 and
331 515 418 547 dress
437 513 516 546 with
539 513 749 554 close-fitting
770 512 858 554 body
884 512 949 543 and
974 511 1062 543 short
1086 511 1187 542 kilted
1212 510 1302 547 skirt,
1327 510 1391 542 and
1412 509 1549 552 holding
1572 521 1616 552 up
1637 521 1657 541 a

169 584 397 617 conventional
412 583 527 616 flower.

866 687 959 721 CCL.

238 772 401 806 GRANT
432 772 498 805 BY
529 771 569 805 Gr.
602 770 818 804 ESTURMI
849 770 907 802 TO
936 769 1147 802 MARGAM
1173 768 1338 801 ABBEY
1366 768 1426 801 OF
1452 768 1586 801 LAND

559 840 622 873 ΟΝ
654 839 754 873 THE
786 839 938 873 RIVER
968 837 1262 871 KINITHWIN.

721 921 895 965 [MARGAM
914 919 1108 963 CHARTER]
1530 920 1608 952 SD.

214 1006 341 1038 Not-um
367 1006 407 1038 sit
440 1005 588 1038 omnibus
618 1007 686 1036 tam
716 1003 835 1036 futuris
866 1014 962 1045 quam
993 1002 1192 1045 presentibus
1223 1003 1309 1045 quod
1340 1013 1400 1045 ego
1427 1001 1467 1034 G.
1496 1001 1653 1034 ESTURMI

169 1077 361 1109 concedente
376 1087 475 1108 uxore
490 1086 561 1107 mea
576 1074 614 1106 M
632 1100 768 1107 ......
786 1076 819 1105 et
835 1073 909 1105 ffliis
924 1073 1003 1104 meis
1019 1072 1051 1104 R
1069 1099 1074 1104 .
1095 1098 1100 1104 .
1121 1099 1126 1104 .
1147 1099 1152 1103 .
1173 1098 1178 1104 .
1199 1099 1205 1103 .
1224 1072 1341 1103 scilicet
1358 1071 1390 1104 R
1404 1098 1539 1103 ......
1559 1074 1655 1114 ‘itque

170 1145 202 1179 G
219 1172 355 1178 ......
373 1148 405 1177 et
421 1144 488 1177 filia
502 1155 575 1176 mea
589 1144 622 1176 A
640 1170 777 1176 ......
796 1146 828 1175 et
844 1142 992 1175 omnibus
1007 1141 1177 1174 heredibus
1196 1142 1274 1173 meis
1298 1142 1382 1173 dono
1405 1143 1438 1172 et
1461 1142 1597 1173 concedo
1620 1142 1654 1173 in

170 1217 359 1258 perpetuam
371 1213 578 1246 elemosinam
590 1213 728 1245 eoelesiae
741 1212 868 1245 Sanctae
882 1211 1012 1243 MARIAE
1025 1212 1064 1242 de
1076 1211 1231 1242 MARGAN
1242 1213 1344 1242 totam
1354 1213 1473 1242 terram
1483 1210 1572 1241 illam
1584 1221 1656 1252 quae

170 1287 216 1317 est
233 1284 317 1316 inter
332 1286 450 1315 terram
466 1283 653 1315 Hsnssfflm
671 1282 728 1314 filii
745 1281 963 1314 GODWINETH
983 1284 1015 1312 et
1035 1281 1139 1312 rivum
1159 1280 1385 1312 KINITHWINI
1402 1280 1482 1312 sicut
1498 1280 1585 1311 rivus
1601 1280 1657 1311 ille

169 1365 226 1395 per
248 1355 392 1385 montem
415 1352 578 1384 descendit
600 1352 635 1384 in
658 1363 763 1384 moras
786 1362 886 1393 usque
909 1351 951 1382 ad
973 1350 1157 1382 inferiorem
1181 1361 1298 1391 aquam
1318 1352 1349 1380 et
1368 1349 1409 1381 ab
1424 1349 1494 1391 ipsa
1510 1348 1655 1380 inferiori

171 1433 255 1465 aqua
269 1433 370 1464 usque
386 1422 427 1453 ad
442 1421 528 1453 viam
545 1432 617 1463 quae
633 1420 723 1452 vadit
738 1432 759 1463 p
777 1447 782 1452 .
803 1447 808 1452 .
829 1447 834 1452 .
855 1447 860 1452 .
879 1422 1033 1451 montana
1049 1423 1081 1450 et
1097 1418 1213 1450 dividit
1228 1422 1347 1449 terram
1363 1418 1487 1449 comitis
1503 1422 1535 1449 et
1550 1428 1656 1449 meam

170 1493 238 1523 tam
254 1491 287 1522 in
304 1493 436 1532 pastura
451 1501 549 1532 quam
565 1490 599 1521 in
615 1492 700 1521 terra
715 1489 828 1521 arabili
845 1492 875 1520 et
895 1491 980 1520 terra
1000 1499 1132 1519 morosa.
1182 1487 1244 1518 Pro
1268 1487 1327 1518 hac
1350 1489 1458 1518 autem
1482 1486 1656 1518 donatione

171 1562 203 1591 et
226 1559 424 1592 concessione
448 1558 546 1590 abbas
569 1561 601 1590 et
623 1558 771 1590 monachi
795 1559 953 1589 dederunt
969 1557 1049 1588 mihi
1066 1567 1126 1587 ΧΠ.
1144 1567 1265 1587 marcas
1285 1555 1411 1597 argenti
1431 1581 1564 1586 ......
1585 1566 1653 1596 per-

172 1629 323 1661 solvenda
339 1627 448 1660 debita
463 1639 534 1659 mea
550 1630 582 1659 et
597 1627 734 1669 singulis
758 1627 832 1659 filiis
855 1627 934 1658 meis
958 1637 1091 1668 cappam
1114 1636 1213 1657 unam
1236 1628 1267 1656 et
1292 1635 1358 1656 1111.
1377 1635 1525 1656 nummos
1548 1628 1578 1655 et
1603 1635 1654 1655 me

172 1697 336 1729 infirmum
366 1697 400 1729 in
431 1708 523 1729 suam
554 1697 790 1728 fraternitatem
821 1698 1035 1737 susceperunt.
1094 1694 1194 1725 Unde
1231 1698 1263 1725 et
1301 1705 1361 1734 ego
1402 1692 1518 1736 [facio]
1561 1694 1656 1724 istam

172 1766 378 1798 donationem
408 1777 513 1797 meam
544 1766 678 1798 liberam
708 1768 740 1797 et
765 1765 907 1808 quietam
931 1765 971 1796 ab
1000 1764 1087 1796 omni
1114 1763 1246 1795 seculari
1274 1763 1405 1794 servicio
1430 1765 1461 1793 et
1489 1762 1655 1793 exactione

168 1835 331 1877 praedietae
347 1835 488 1867 eeclesiae
504 1835 537 1866 in
560 1838 751 1876 perpetuum
775 1834 1008 1876 possidendam.
1057 1832 1165 1875 sigilli
1188 1832 1250 1863 mei
1274 1831 1480 1873 impressione
1503 1831 1656 1862 confirmo

170 1907 205 1935 ut
236 1906 308 1935 rata
338 1903 378 1935 sit
409 1907 441 1935 et
468 1904 559 1935 firma
586 1904 619 1934 in
647 1906 838 1945 perpetuum
862 1903 932 1944 ipsa
959 1902 1098 1933 donatio.
1146 1901 1241 1932 Teste
1266 1900 1381 1932 EGmN
1407 1900 1591 1931 vicecomite
1616 1900 1655 1930 de

173 1972 391 2004 GLAMORGAN
420 1999 426 2004 .
456 1972 488 2004 R
505 1998 642 2004 ......
670 1972 826 2004 COROLEF
850 1971 1053 2004 ‚WAmEno
1078 1970 1200 2001 Lm'EL
1226 1974 1258 2001 et
1284 1970 1403 2001 DAx'm
1430 1969 1530 2000 fratre.
1557 1969 1651 2009 ejus.

173 2041 316 2074 Rocfflno
346 2041 412 2072 filio
442 2041 535 2073 NEsT
568 2067 573 2072 .
608 2041 784 2074 WALTERO
819 2040 979 2072 LAGELES
1011 2066 1016 2071 .
1051 2040 1265 2071 GisLEBERTo
1298 2038 1409 2070 BURD'
1444 2064 1449 2069 .
1482 2037 1654 2069 EAnwmo

172 2110 328 2142 monacho
360 2109 605 2142 GLOUCESTRIAE
629 2137 634 2141 .
662 2110 877 2142 GISLEBERTO
900 2109 1085 2151 presbytero
1109 2109 1148 2140 de
1172 2108 1272 2140 Novo
1297 2107 1468 2140 CASTELLO
1494 2133 1499 2138 .
1527 2106 1654 2138 Tuom

174 2180 334 2211 sacerdote
351 2203 358 2210 .
376 2178 572 2211 WILLELMO
588 2179 627 2210 de
644 2178 829 2210 Loxnmns
846 2203 853 2210 .
871 2180 903 2210 et
919 2177 1099 2209 MAURmo
1122 2177 1187 2209 filio
1211 2177 1281 2219 ejus
1304 2203 1309 2208 .
1332 2179 1363 2208 et
1379 2175 1576 2209 WILLELMO
1593 2175 1655 2207 alio

174 2247 240 2280 filio
255 2248 349 2290 ejus.
368 2247 564 2280 WILLELMO
581 2247 760 2278 Pmcmm
784 2272 790 2278 .
813 2247 1030 2278 ALEXANDRO
1054 2247 1093 2277 de
1116 2245 1329 2279 WRENDUNE
1355 2271 1360 2277 .
1387 2244 1601 2277 GlsLEBERTo
1617 2244 1657 2276 de
