1998 2724
1529 157 1592 188 439

157 314 238 346 mihi
273 324 400 355 quoquo
434 313 530 345 modo
565 313 802 345 succedentium
836 313 953 345 habere
985 313 1127 355 poterint
1156 313 1190 344 in
1215 316 1282 345 tota
1305 317 1389 345 terra
1413 315 1453 345 de
1477 314 1571 346 feodo
1594 315 1634 346 de

157 383 331 416 LANGEWY
364 393 460 424 quam
495 393 606 413 omnes
638 389 849 414 antecessores
882 382 946 413 mei
980 382 1138 414 dederunt
1169 385 1199 414 et
1231 384 1453 414 concesserunt
1483 383 1634 424 predictis

157 452 321 484 monachis
336 463 409 483 cum
425 450 574 483 omnibus
590 451 796 492 pertinenciis
813 454 845 483 et
861 451 1057 483 aisiamentis
1073 451 1138 483 suis
1162 455 1195 483 et
1215 454 1320 483 totum
1344 451 1398 494 jus
1421 456 1454 483 et
1480 451 1632 484 clamium

157 522 243 564 quod
258 521 292 552 in
307 521 451 563 predicta
467 525 552 552 terra
569 519 677 561 aliquo
693 519 765 561 jure
781 531 856 552 casu
875 520 947 562 lege
971 521 1020 552 vel
1045 523 1164 552 eventu
1185 520 1265 552 mihi
1287 521 1337 552 vel
1358 520 1529 552 heredibus
1553 521 1632 553 meis

156 590 207 622 vel
234 589 406 632 assignatis
437 600 610 621 accrescere
642 589 692 620 vel
718 589 844 620 evenire
872 589 988 630 poterit
1020 601 1060 621 ex
1090 593 1161 631 post
1186 589 1271 621 facto
1296 589 1447 631 predictis
1469 589 1633 622 monachis

156 659 264 691 remisi
287 662 318 690 et
342 669 399 700 per
420 669 550 700 presens
574 657 728 699 scriptum
752 658 898 698 quietum
922 658 1057 689 clamavi
1081 658 1328 700 imperpetuum.
1377 657 1577 690 Habendum
1601 662 1633 691 et

154 735 332 766 tenendum
349 734 388 765 de
404 744 456 765 me
468 735 500 765 et
516 732 687 764 heredibus
703 733 782 764 meis
796 732 896 764 iibere
912 736 943 764 et
961 733 1068 775 quiete
1084 733 1210 776 integre
1225 733 1306 765 bene
1330 740 1361 765 et
1386 734 1525 775 pacifice.
1579 734 1633 766 Ita

156 804 242 845 quod
255 814 312 834 nec
327 813 387 844 ego
403 813 461 834 nec
477 801 609 833 heredes
624 801 687 833 mei
704 813 761 833 nec
773 801 889 843 aliquis
905 813 961 844 pro
978 813 1028 834 me
1050 802 1101 834 vel
1124 814 1180 845 per
1205 813 1256 834 me
1280 802 1333 844 jus
1351 802 1402 834 vel
1423 803 1574 834 clamium
1598 803 1633 835 in

155 873 241 904 dicta
267 874 353 907 terra
383 882 456 902 cum
486 870 692 913 pertinenciis
723 871 867 902 decetero
895 871 1072 912 poterimus
1101 872 1230 913 exigere
1258 871 1308 903 vel
1344 871 1489 903 clramare.
1536 872 1632 904 Salvo

156 952 264 973 annuo
289 941 419 972 redditu
445 951 516 972 meo
540 951 636 982 quem
658 939 739 971 mihi
760 942 791 971 et
818 940 989 972 heredibus
1016 940 1096 972 meis
1119 940 1255 983 singulis
1275 941 1369 972 annis
1392 941 1433 972 ad
1449 940 1570 972 festum
1591 941 1630 973 Β.

155 1010 352 1042 ΜΙςΗΑΕΙᾸς
376 1009 561 1051 archangeli
587 1009 665 1040 dicti
682 1009 831 1040 11101130111
847 1009 967 1041 solvere
983 1014 1152 1041 tenentur.
1167 1009 1318 1042 videlicet
1333 1009 1470 1052 triginta
1490 1010 1633 1051 quinque

154 1080 271 1112 solidos
286 1078 522 1120 sterlingormn.
570 1078 634 1110 Pro
661 1078 720 1109 hac
747 1080 856 1110 autem
879 1089 950 1110 11103
981 1079 1179 1110 concessione
1204 1079 1388 1111 remissione
1415 1082 1447 1110 et
1474 1080 1630 1121 presentis

156 1153 241 1182 carte
282 1159 351 1179 11100
392 1147 635 1179 confirmacione
666 1159 702 1179 ac
741 1148 926 1179 omm'moda
954 1148 1063 1189 quieta
1093 1148 1285 1179 clamatione
1314 1147 1401 1179 facta
1432 1159 1489 1190 pro
1520 1159 1571 1180 me
1601 1152 1633 1180 et

155 1217 325 1249 heredibus
340 1216 420 1248 meis
435 1217 474 1248 de
488 1219 556 1248 toto
572 1216 666 1248 feodo
690 1216 832 1258 predicto
856 1217 896 1247 ad
920 1220 1132 1248 antecessores
1155 1228 1241 1248 meos
1265 1217 1428 1258 quondam
1451 1217 1633 1258 pertinente

155 1287 313 1318 dederunt
343 1284 441 1317 michi
471 1285 607 1327 predicti
637 1285 786 1316 monachi
817 1285 851 1316 in
879 1296 949 1317 mea
980 1285 1111 1327 urgenti
1132 1286 1319 1317 necessitate
1341 1296 1457 1317 novem
1481 1285 1578 1318 libras
1602 1290 1634 1318 et

154 1357 262 1387 decem
288 1355 404 1386 solidos
427 1354 655 1396 sterlingorum
679 1357 710 1385 et
734 1365 836 1385 unum
863 1355 1043 1396 pullanum.
1106 1354 1151 1385 Et
1178 1365 1238 1396 ego
1270 1354 1373 1386 dictus
1398 1354 1580 1386 Hmmcos
1603 1359 1635 1387 et

154 1424 285 1456 heredes
300 1423 364 1454 mei
388 1426 490 1455 totam
513 1423 633 1454 dictam
658 1426 777 1454 terram
801 1434 875 1454 cum
898 1423 1046 1455 omnibus
1067 1423 1274 1465 pertinenciis
1293 1426 1325 1454 et
1347 1423 1545 1455 aisiamentis
1569 1423 1634 1455 suis

155 1493 248 1525 dictis
266 1492 431 1524 monachis
455 1494 487 1523 et
508 1503 618 1523 eorum
637 1491 868 1524 successoribus
884 1493 918 1523 in
939 1492 1132 1524 monasterio
1153 1493 1192 1523 de
1220 1491 1375 1523 MARGAN
1395 1492 1467 1524 Deo
1494 1492 1633 1524 servien-

155 1562 242 1594 tibus
258 1564 289 1593 et
305 1561 469 1593 servituris
485 1563 595 1592 contra
611 1572 721 1593 omnes
736 1561 883 1593 homines
898 1564 930 1592 et
946 1561 1083 1593 feminas
1098 1561 1337 1603 imperpetuum
1352 1560 1633 1593 warantizabimus

155 1635 187 1664 et
202 1631 422 1663 defendemus.
468 1630 514 1662 Et
530 1632 567 1662 ut
583 1630 641 1662 hec
656 1642 728 1662 mea
744 1631 901 1662 concessio
918 1630 1118 1662 confirmacio
1134 1630 1275 1662 remissio
1293 1632 1325 1662 et
1348 1630 1457 1672 quieta
1481 1630 1632 1662 clamaeio

154 1706 224 1733 rata
240 1699 363 1732 stabih’s
379 1701 411 1731 et
426 1699 612 1731 inconcussa
627 1699 866 1742 imperpetuum
882 1702 1060 1741 perseveret
1085 1726 1090 1730 .
1116 1710 1244 1741 presens
1265 1699 1419 1740 scriptum
1443 1699 1543 1741 sigilli
1567 1699 1631 1731 mei

154 1769 360 1812 impressione
377 1768 531 1800 roboravi.
580 1768 658 1800 Hiis
677 1768 812 1801 testibus
830 1795 835 1800 .
853 1769 984 1800 domino
1008 1768 1204 1801 WILLELMO
1231 1769 1270 1800 de
1295 1768 1458 1800 Bmzmsss
1476 1794 1482 1800 .
1500 1769 1631 1801 domino

153 1839 324 1870 Pmmpo
347 1838 386 1869 de
409 1837 578 1869 NERBERT
604 1863 609 1869 .
635 1838 766 1869 domino
801 1837 967 1870 JOHANNE
1000 1838 1030 1869 le
1062 1837 1226 1869 NORREYS
1260 1863 1265 1869 .
1300 1837 1430 1869 domino
1463 1837 1629 1870 JOHANNE

154 1907 329 1940 WALENSE
360 1932 366 1938 .
399 1906 530 1938 domino
562 1906 717 1938 Rmfflmo
747 1907 777 1938 le
808 1907 1007 1938 FLEMMENG
1033 1933 1038 1938 .
1063 1906 1222 1938 militibus
1247 1932 1252 1938 .
1277 1906 1431 1949 magistro
1455 1906 1630 1939 MAURICIO

154 1976 306 2009 Gmmrn
324 2001 330 2007 .
348 1975 503 2017 magistro
519 1975 682 2007 HENRmo
699 1975 852 2008 Gmmrn
871 2002 876 2007 .
896 1976 1072 2007 MAUR1‹·10
1087 1976 1127 2007 de
1151 1975 1312 2007 CORNELY
1331 2001 1337 2007 .
1355 1981 1387 2007 et
1410 1975 1522 2007 multis
1547 1976 1626 2008 aliis.

197 2046 229 2076 A
255 2045 346 2086 lump
374 2044 439 2076 seal
461 2044 496 2075 in
519 2055 617 2086 green
641 2056 723 2083 wax,
748 2045 812 2087 {in
836 2045 932 2076 diam.
980 2045 1012 2076 A
1034 2045 1127 2076 small
1148 2044 1253 2077 shield
1275 2044 1415 2086 charged
1438 2044 1517 2076 with
1539 2044 1628 2077 three

152 2113 288 2151 estosses,
305 2115 369 2144 two
385 2113 450 2144 and
466 2123 535 2144 one.

198 2182 385 2225 Legend—‘
404 2186 436 2217 -Ι-
454 2180 478 2212 s’
504 2192 647 2213 1101111101
672 2182 841 2214 scomma?

195 2250 418 2282 Endorsed——‘
430 2249 602 2282 Relaxatio
620 2249 758 2282 Henrici
773 2250 804 2282 le
819 2250 973 2292 Scurlage
990 2251 1029 2282 de
1045 2249 1262 2293 Langewith.’
