<?xml version="1.0" encoding="UTF-8"?>
<!DOCTYPE html PUBLIC "-//W3C//DTD XHTML 1.0 Transitional//EN"
    "http://www.w3.org/TR/xhtml1/DTD/xhtml1-transitional.dtd">
<html xmlns="http://www.w3.org/1999/xhtml" xml:lang="en" lang="en">
 <head>
  <title>
</title>
<meta http-equiv="Content-Type" content="text/html;charset=utf-8" />
  <meta name='ocr-system' content='tesseract 3.04.00' />
  <meta name='ocr-capabilities' content='ocr_page ocr_carea ocr_par ocr_line ocrx_word'/>
</head>
<body>
  <div class='ocr_page' id='page_1' title='image "./cartaeetaliamuni02claruoft_0207.png"; bbox 0 0 1998 2724; ppageno 0'>
   <div class='ocr_carea' id='block_1_1' title="bbox 1534 162 1596 192">
    <p class='ocr_par' dir='ltr' id='par_1_1' title="bbox 1534 162 1596 192">
     <span class='ocr_line' id='line_1_1' title="bbox 1534 162 1596 192; baseline -0.016 0"><span class='ocrx_word' id='word_1_1' title='bbox 1534 162 1596 192; x_wconf 74' lang='lat'>4223</span> 
     </span>
    </p>
   </div>
   <div class='ocr_carea' id='block_1_2' title="bbox 153 302 1638 1889">
    <p class='ocr_par' dir='ltr' id='par_1_2' title="bbox 153 302 1638 1889">
     <span class='ocr_line' id='line_1_2' title="bbox 159 302 1637 360; baseline -0.001 -8"><span class='ocrx_word' id='word_1_2' title='bbox 159 319 324 352; x_wconf 81' lang='lat' dir='ltr'>monachis</span> <span class='ocrx_word' id='word_1_3' title='bbox 348 319 469 351; x_wconf 81' lang='lat' dir='ltr'>ibidem</span> <span class='ocrx_word' id='word_1_4' title='bbox 494 318 565 350; x_wconf 90' lang='lat' dir='ltr'>Deo</span> <span class='ocrx_word' id='word_1_5' title='bbox 591 319 811 357; x_wconf 86' lang='lat' dir='ltr'>servientibus,</span> <span class='ocrx_word' id='word_1_6' title='bbox 838 302 945 350; x_wconf 84' lang='lat' dir='ltr'>omnia</span> <span class='ocrx_word' id='word_1_7' title='bbox 971 322 1156 351; x_wconf 84' lang='lat' dir='ltr'>tenementa</span> <span class='ocrx_word' id='word_1_8' title='bbox 1192 321 1259 350; x_wconf 86' lang='lat' dir='ltr'>tam</span> <span class='ocrx_word' id='word_1_9' title='bbox 1297 318 1507 350; x_wconf 68' lang='lat' dir='ltr'>ecclesiastica</span> <span class='ocrx_word' id='word_1_10' title='bbox 1540 330 1637 360; x_wconf 81' lang='lat' dir='ltr'>quarn</span> 
     </span>
     <span class='ocr_line' id='line_1_3' title="bbox 160 387 1637 430; baseline -0.001 -10"><span class='ocrx_word' id='word_1_11' title='bbox 160 388 324 421; x_wconf 74' lang='lat' dir='ltr'>saecularia</span> <span class='ocrx_word' id='word_1_12' title='bbox 334 399 406 430; x_wconf 82' lang='lat' dir='ltr'>quae</span> <span class='ocrx_word' id='word_1_13' title='bbox 416 387 538 420; x_wconf 87' lang='lat' dir='ltr'>habent</span> <span class='ocrx_word' id='word_1_14' title='bbox 549 388 589 420; x_wconf 88' lang='lat' dir='ltr'>de</span> <span class='ocrx_word' id='word_1_15' title='bbox 600 388 695 420; x_wconf 87' lang='lat' dir='ltr'>feodo</span> <span class='ocrx_word' id='word_1_16' title='bbox 707 399 778 420; x_wconf 91' lang='lat' dir='ltr'>meo</span> <span class='ocrx_word' id='word_1_17' title='bbox 790 389 824 420; x_wconf 90' lang='lat' dir='ltr'>in</span> <span class='ocrx_word' id='word_1_18' title='bbox 841 388 976 420; x_wconf 81' lang='lat' dir='ltr'>Honore</span> <span class='ocrx_word' id='word_1_19' title='bbox 987 387 1240 426; x_wconf 75' lang='lat' dir='ltr'>GLOUCESTmAE,</span> <span class='ocrx_word' id='word_1_20' title='bbox 1253 390 1321 419; x_wconf 82' lang='lat' dir='ltr'>tam</span> <span class='ocrx_word' id='word_1_21' title='bbox 1331 388 1365 419; x_wconf 89' lang='lat' dir='ltr'>in</span> <span class='ocrx_word' id='word_1_22' title='bbox 1379 387 1527 419; x_wconf 55' lang='lat' dir='ltr'>Wmfflu</span> <span class='ocrx_word' id='word_1_23' title='bbox 1541 399 1637 429; x_wconf 83' lang='lat' dir='ltr'>quam</span> 
     </span>
     <span class='ocr_line' id='line_1_4' title="bbox 159 456 1636 499; baseline -0.001 -10"><span class='ocrx_word' id='word_1_24' title='bbox 159 458 194 489; x_wconf 91' lang='lat' dir='ltr'>in</span> <span class='ocrx_word' id='word_1_25' title='bbox 209 457 360 496; x_wconf 72' lang='lat' dir='ltr'>ANGLIA,</span> <span class='ocrx_word' id='word_1_26' title='bbox 377 458 410 488; x_wconf 89' lang='lat' dir='ltr'>in</span> <span class='ocrx_word' id='word_1_27' title='bbox 428 468 543 499; x_wconf 85' lang='lat' dir='ltr'>puram</span> <span class='ocrx_word' id='word_1_28' title='bbox 559 460 590 489; x_wconf 91' lang='lat' dir='ltr'>et</span> <span class='ocrx_word' id='word_1_29' title='bbox 611 461 799 499; x_wconf 85' lang='lat' dir='ltr'>perpetuam</span> <span class='ocrx_word' id='word_1_30' title='bbox 816 458 1041 496; x_wconf 82' lang='lat' dir='ltr'>elemosinam;</span> <span class='ocrx_word' id='word_1_31' title='bbox 1063 457 1204 489; x_wconf 83' lang='lat' dir='ltr'>tenenda</span> <span class='ocrx_word' id='word_1_32' title='bbox 1220 459 1250 488; x_wconf 90' lang='lat' dir='ltr'>et</span> <span class='ocrx_word' id='word_1_33' title='bbox 1267 456 1418 488; x_wconf 79' lang='lat' dir='ltr'>habenda</span> <span class='ocrx_word' id='word_1_34' title='bbox 1428 457 1474 488; x_wconf 78' lang='lat' dir='ltr'>ita</span> <span class='ocrx_word' id='word_1_35' title='bbox 1490 456 1588 488; x_wconf 84' lang='lat' dir='ltr'>libere</span> <span class='ocrx_word' id='word_1_36' title='bbox 1605 460 1636 488; x_wconf 91' lang='lat' dir='ltr'>et</span> 
     </span>
     <span class='ocr_line' id='line_1_5' title="bbox 159 525 1636 569; baseline 0 -11"><span class='ocrx_word' id='word_1_37' title='bbox 159 527 276 569; x_wconf 75' lang='lat' dir='ltr'>quiete,</span> <span class='ocrx_word' id='word_1_38' title='bbox 293 527 373 558; x_wconf 85' lang='lat' dir='ltr'>sicut</span> <span class='ocrx_word' id='word_1_39' title='bbox 391 538 427 558; x_wconf 78' lang='lat' dir='ltr'>ea</span> <span class='ocrx_word' id='word_1_40' title='bbox 442 525 574 558; x_wconf 86' lang='lat' dir='ltr'>liberius</span> <span class='ocrx_word' id='word_1_41' title='bbox 590 538 734 568; x_wconf 84' lang='lat' dir='ltr'>unquam</span> <span class='ocrx_word' id='word_1_42' title='bbox 751 531 934 562; x_wconf 77' lang='lat' dir='ltr'>tenuerunt,</span> <span class='ocrx_word' id='word_1_43' title='bbox 952 528 985 558; x_wconf 90' lang='lat' dir='ltr'>in</span> <span class='ocrx_word' id='word_1_44' title='bbox 1002 527 1112 569; x_wconf 79' lang='lat' dir='ltr'>pratis,</span> <span class='ocrx_word' id='word_1_45' title='bbox 1128 527 1163 558; x_wconf 92' lang='lat' dir='ltr'>in</span> <span class='ocrx_word' id='word_1_46' title='bbox 1180 527 1314 568; x_wconf 47' lang='lat' dir='ltr'>pascuis</span> <span class='ocrx_word' id='word_1_47' title='bbox 1331 527 1365 558; x_wconf 82' lang='lat' dir='ltr'>in</span> <span class='ocrx_word' id='word_1_48' title='bbox 1383 526 1441 558; x_wconf 79' lang='lat' dir='ltr'>viis</span> <span class='ocrx_word' id='word_1_49' title='bbox 1458 530 1487 558; x_wconf 83' lang='lat' dir='ltr'>et</span> <span class='ocrx_word' id='word_1_50' title='bbox 1505 527 1636 565; x_wconf 79' lang='lat' dir='ltr'>semitis⁷</span> 
     </span>
     <span class='ocr_line' id='line_1_6' title="bbox 158 595 1637 639; baseline 0 -12"><span class='ocrx_word' id='word_1_51' title='bbox 158 598 193 628; x_wconf 91' lang='lat' dir='ltr'>in</span> <span class='ocrx_word' id='word_1_52' title='bbox 203 597 301 639; x_wconf 83' lang='lat' dir='ltr'>plano</span> <span class='ocrx_word' id='word_1_53' title='bbox 313 600 346 628; x_wconf 86' lang='lat' dir='ltr'>et-</span> <span class='ocrx_word' id='word_1_54' title='bbox 355 596 458 635; x_wconf 87' lang='lat' dir='ltr'>bosco,</span> <span class='ocrx_word' id='word_1_55' title='bbox 470 599 502 628; x_wconf 90' lang='lat' dir='ltr'>et</span> <span class='ocrx_word' id='word_1_56' title='bbox 512 596 546 627; x_wconf 90' lang='lat' dir='ltr'>in</span> <span class='ocrx_word' id='word_1_57' title='bbox 556 595 705 628; x_wconf 87' lang='lat' dir='ltr'>omnibus</span> <span class='ocrx_word' id='word_1_58' title='bbox 718 596 788 627; x_wconf 85' lang='lat' dir='ltr'>aliis</span> <span class='ocrx_word' id='word_1_59' title='bbox 798 596 1015 634; x_wconf 72' lang='lat' dir='ltr'>libertatibus;</span> <span class='ocrx_word' id='word_1_60' title='bbox 1033 596 1181 628; x_wconf 85' lang='lat' dir='ltr'>videlicet</span> <span class='ocrx_word' id='word_1_61' title='bbox 1194 596 1358 628; x_wconf 81' lang='lat' dir='ltr'>ecclesiam</span> <span class='ocrx_word' id='word_1_62' title='bbox 1369 596 1427 628; x_wconf 76' lang='lat' dir='ltr'>Sti.</span> <span class='ocrx_word' id='word_1_63' title='bbox 1441 596 1637 628; x_wconf 68' lang='lat' dir='ltr'>MICHAELIS</span> 
     </span>
     <span class='ocr_line' id='line_1_7' title="bbox 156 664 1635 703; baseline 0 -6"><span class='ocrx_word' id='word_1_64' title='bbox 156 666 196 697; x_wconf 88' lang='lat' dir='ltr'>de</span> <span class='ocrx_word' id='word_1_65' title='bbox 211 665 383 703; x_wconf 68' lang='lat' dir='ltr'>Ewmmr,</span> <span class='ocrx_word' id='word_1_66' title='bbox 397 669 429 697; x_wconf 91' lang='lat' dir='ltr'>et</span> <span class='ocrx_word' id='word_1_67' title='bbox 439 665 603 697; x_wconf 83' lang='lat' dir='ltr'>ecclesiam</span> <span class='ocrx_word' id='word_1_68' title='bbox 615 664 690 696; x_wconf 74' lang='lat' dir='ltr'>Stae.</span> <span class='ocrx_word' id='word_1_69' title='bbox 706 664 878 703; x_wconf 68' lang='lat' dir='ltr'>Bumlnffi,</span> <span class='ocrx_word' id='word_1_70' title='bbox 893 677 965 697; x_wconf 72' lang='lat' dir='ltr'>cum</span> <span class='ocrx_word' id='word_1_71' title='bbox 981 665 1074 697; x_wconf 86' lang='lat' dir='ltr'>terris</span> <span class='ocrx_word' id='word_1_72' title='bbox 1084 668 1115 697; x_wconf 85' lang='lat' dir='ltr'>et</span> <span class='ocrx_word' id='word_1_73' title='bbox 1128 665 1259 697; x_wconf 88' lang='lat' dir='ltr'>decimis</span> <span class='ocrx_word' id='word_1_74' title='bbox 1271 668 1303 697; x_wconf 89' lang='lat' dir='ltr'>et</span> <span class='ocrx_word' id='word_1_75' title='bbox 1313 665 1462 698; x_wconf 83' lang='lat' dir='ltr'>omnibus</span> <span class='ocrx_word' id='word_1_76' title='bbox 1473 665 1635 697; x_wconf 87' lang='lat' dir='ltr'>beneficiis</span> 
     </span>
     <span class='ocr_line' id='line_1_8' title="bbox 157 734 1635 777; baseline 0.001 -11"><span class='ocrx_word' id='word_1_77' title='bbox 157 746 229 777; x_wconf 80' lang='lat' dir='ltr'>quae</span> <span class='ocrx_word' id='word_1_78' title='bbox 253 735 294 766; x_wconf 84' lang='lat' dir='ltr'>ad</span> <span class='ocrx_word' id='word_1_79' title='bbox 309 735 382 766; x_wconf 83' lang='lat' dir='ltr'>illas</span> <span class='ocrx_word' id='word_1_80' title='bbox 397 735 570 776; x_wconf 87' lang='lat' dir='ltr'>pertinent,</span> <span class='ocrx_word' id='word_1_81' title='bbox 588 735 735 766; x_wconf 82' lang='lat' dir='ltr'>similiter</span> <span class='ocrx_word' id='word_1_82' title='bbox 752 735 915 766; x_wconf 78' lang='lat' dir='ltr'>ecclesiam</span> <span class='ocrx_word' id='word_1_83' title='bbox 932 735 990 767; x_wconf 81' lang='lat' dir='ltr'>Sti.</span> <span class='ocrx_word' id='word_1_84' title='bbox 1007 734 1204 766; x_wconf 75' lang='lat' dir='ltr'>MICHAELls</span> <span class='ocrx_word' id='word_1_85' title='bbox 1220 735 1260 766; x_wconf 87' lang='lat' dir='ltr'>de</span> <span class='ocrx_word' id='word_1_86' title='bbox 1276 734 1546 766; x_wconf 63' lang='lat' dir='ltr'>Oomvmssmmss</span> <span class='ocrx_word' id='word_1_87' title='bbox 1563 747 1635 767; x_wconf 85' lang='lat' dir='ltr'>cum</span> 
     </span>
     <span class='ocr_line' id='line_1_9' title="bbox 155 803 1635 846; baseline 0 -10"><span class='ocrx_word' id='word_1_88' title='bbox 155 804 248 836; x_wconf 84' lang='lat' dir='ltr'>terris</span> <span class='ocrx_word' id='word_1_89' title='bbox 269 808 301 836; x_wconf 90' lang='lat' dir='ltr'>et</span> <span class='ocrx_word' id='word_1_90' title='bbox 325 804 457 836; x_wconf 82' lang='lat' dir='ltr'>decimis</span> <span class='ocrx_word' id='word_1_91' title='bbox 480 816 552 846; x_wconf 85' lang='lat' dir='ltr'>quae</span> <span class='ocrx_word' id='word_1_92' title='bbox 576 805 617 835; x_wconf 81' lang='lat' dir='ltr'>ad</span> <span class='ocrx_word' id='word_1_93' title='bbox 633 803 725 835; x_wconf 81' lang='lat' dir='ltr'>illam</span> <span class='ocrx_word' id='word_1_94' title='bbox 741 804 915 846; x_wconf 74' lang='lat' dir='ltr'>pertinent,</span> <span class='ocrx_word' id='word_1_95' title='bbox 941 804 1022 835; x_wconf 73' lang='lat' dir='ltr'>sicut</span> <span class='ocrx_word' id='word_1_96' title='bbox 1045 804 1080 835; x_wconf 90' lang='lat' dir='ltr'>in</span> <span class='ocrx_word' id='word_1_97' title='bbox 1096 805 1191 836; x_wconf 80' lang='lat' dir='ltr'>cartis</span> <span class='ocrx_word' id='word_1_98' title='bbox 1210 804 1379 836; x_wconf 79' lang='lat' dir='ltr'>MAUmcn</span> <span class='ocrx_word' id='word_1_99' title='bbox 1398 807 1430 836; x_wconf 89' lang='lat' dir='ltr'>et</span> <span class='ocrx_word' id='word_1_100' title='bbox 1446 804 1635 837; x_wconf 69' lang='lat' dir='ltr'>WmAELm</span> 
     </span>
     <span class='ocr_line' id='line_1_10' title="bbox 156 871 1635 915; baseline 0.002 -12"><span class='ocrx_word' id='word_1_101' title='bbox 156 873 196 904; x_wconf 90' lang='lat' dir='ltr'>de</span> <span class='ocrx_word' id='word_1_102' title='bbox 216 871 399 904; x_wconf 78' lang='lat' dir='ltr'>LONDONIA</span> <span class='ocrx_word' id='word_1_103' title='bbox 419 872 612 911; x_wconf 78' lang='lat' dir='ltr'>continetur,</span> <span class='ocrx_word' id='word_1_104' title='bbox 636 872 714 904; x_wconf 88' lang='lat' dir='ltr'>item</span> <span class='ocrx_word' id='word_1_105' title='bbox 736 875 837 903; x_wconf 84' lang='lat' dir='ltr'>totam</span> <span class='ocrx_word' id='word_1_106' title='bbox 860 876 977 904; x_wconf 79' lang='lat' dir='ltr'>terram</span> <span class='ocrx_word' id='word_1_107' title='bbox 1003 885 1100 915; x_wconf 82' lang='lat' dir='ltr'>quam</span> <span class='ocrx_word' id='word_1_108' title='bbox 1125 873 1341 906; x_wconf 73' lang='lat' dir='ltr'>WILLELMUs</span> <span class='ocrx_word' id='word_1_109' title='bbox 1363 875 1402 905; x_wconf 81' lang='lat' dir='ltr'>(le</span> <span class='ocrx_word' id='word_1_110' title='bbox 1427 873 1635 906; x_wconf 77' lang='lat' dir='ltr'>CORENDONE</span> 
     </span>
     <span class='ocr_line' id='line_1_11' title="bbox 157 941 1637 984; baseline 0.001 -12"><span class='ocrx_word' id='word_1_111' title='bbox 157 941 247 973; x_wconf 89' lang='lat' dir='ltr'>dedit</span> <span class='ocrx_word' id='word_1_112' title='bbox 262 941 418 983; x_wconf 77' lang='lat' dir='ltr'>prioratui</span> <span class='ocrx_word' id='word_1_113' title='bbox 434 942 473 972; x_wconf 86' lang='lat' dir='ltr'>de</span> <span class='ocrx_word' id='word_1_114' title='bbox 490 941 637 972; x_wconf 78' lang='lat' dir='ltr'>EWENNI</span> <span class='ocrx_word' id='word_1_115' title='bbox 651 953 657 979; x_wconf 89' lang='lat'>;</span> <span class='ocrx_word' id='word_1_116' title='bbox 682 941 760 973; x_wconf 86' lang='lat' dir='ltr'>item</span> <span class='ocrx_word' id='word_1_117' title='bbox 777 943 879 972; x_wconf 82' lang='lat' dir='ltr'>totam</span> <span class='ocrx_word' id='word_1_118' title='bbox 895 945 1013 973; x_wconf 85' lang='lat' dir='ltr'>terram</span> <span class='ocrx_word' id='word_1_119' title='bbox 1035 954 1132 984; x_wconf 86' lang='lat' dir='ltr'>quam</span> <span class='ocrx_word' id='word_1_120' title='bbox 1148 942 1266 974; x_wconf 81' lang='lat' dir='ltr'>SYMON</span> <span class='ocrx_word' id='word_1_121' title='bbox 1284 943 1323 974; x_wconf 90' lang='lat' dir='ltr'>de</span> <span class='ocrx_word' id='word_1_122' title='bbox 1339 942 1588 975; x_wconf 74' lang='lat' dir='ltr'>TURBERVILLA</span> <span class='ocrx_word' id='word_1_123' title='bbox 1605 946 1637 975; x_wconf 88' lang='lat' dir='ltr'>et</span> 
     </span>
     <span class='ocr_line' id='line_1_12' title="bbox 157 1009 1636 1054; baseline 0.003 -13"><span class='ocrx_word' id='word_1_124' title='bbox 157 1009 397 1042; x_wconf 73' lang='lat' dir='ltr'>GILLEBERTUS</span> <span class='ocrx_word' id='word_1_125' title='bbox 420 1012 452 1042; x_wconf 88' lang='lat' dir='ltr'>et</span> <span class='ocrx_word' id='word_1_126' title='bbox 475 1010 639 1042; x_wconf 80' lang='lat' dir='ltr'>PAGANUs</span> <span class='ocrx_word' id='word_1_127' title='bbox 655 1011 694 1042; x_wconf 88' lang='lat' dir='ltr'>de</span> <span class='ocrx_word' id='word_1_128' title='bbox 719 1010 967 1043; x_wconf 77' lang='lat' dir='ltr'>TURBERVILLA</span> <span class='ocrx_word' id='word_1_129' title='bbox 993 1012 1151 1043; x_wconf 85' lang='lat' dir='ltr'>dederunt</span> <span class='ocrx_word' id='word_1_130' title='bbox 1163 1013 1306 1053; x_wconf 83' lang='lat' dir='ltr'>predicto</span> <span class='ocrx_word' id='word_1_131' title='bbox 1321 1013 1487 1054; x_wconf 73' lang='lat' dir='ltr'>prioratui,</span> <span class='ocrx_word' id='word_1_132' title='bbox 1506 1013 1586 1045; x_wconf 87' lang='lat' dir='ltr'>sicut</span> <span class='ocrx_word' id='word_1_133' title='bbox 1602 1014 1636 1045; x_wconf 90' lang='lat' dir='ltr'>in</span> 
     </span>
     <span class='ocr_line' id='line_1_13' title="bbox 156 1080 1638 1122; baseline 0.001 -10"><span class='ocrx_word' id='word_1_134' title='bbox 156 1081 252 1112; x_wconf 77' lang='lat' dir='ltr'>cartis</span> <span class='ocrx_word' id='word_1_135' title='bbox 267 1091 377 1111; x_wconf 83' lang='lat' dir='ltr'>eorum</span> <span class='ocrx_word' id='word_1_136' title='bbox 393 1080 593 1119; x_wconf 80' lang='lat' dir='ltr'>continetur3</span> <span class='ocrx_word' id='word_1_137' title='bbox 619 1082 652 1112; x_wconf 84' lang='lat' dir='ltr'>et</span> <span class='ocrx_word' id='word_1_138' title='bbox 667 1082 770 1112; x_wconf 76' lang='lat' dir='ltr'>totam</span> <span class='ocrx_word' id='word_1_139' title='bbox 786 1084 904 1112; x_wconf 84' lang='lat' dir='ltr'>terram</span> <span class='ocrx_word' id='word_1_140' title='bbox 921 1092 1018 1122; x_wconf 87' lang='lat' dir='ltr'>quam</span> <span class='ocrx_word' id='word_1_141' title='bbox 1036 1080 1237 1113; x_wconf 67' lang='lat' dir='ltr'>GAUFRIDUs</span> <span class='ocrx_word' id='word_1_142' title='bbox 1253 1082 1293 1113; x_wconf 82' lang='lat' dir='ltr'>de</span> <span class='ocrx_word' id='word_1_143' title='bbox 1311 1081 1413 1113; x_wconf 57' lang='lat' dir='ltr'>OAOEJ</span> <span class='ocrx_word' id='word_1_144' title='bbox 1431 1082 1520 1113; x_wconf 84' lang='lat' dir='ltr'>dedit</span> <span class='ocrx_word' id='word_1_145' title='bbox 1533 1082 1638 1114; x_wconf 86' lang='lat' dir='ltr'>eidem</span> 
     </span>
     <span class='ocr_line' id='line_1_14' title="bbox 156 1149 1637 1191; baseline 0.002 -11"><span class='ocrx_word' id='word_1_146' title='bbox 156 1149 313 1191; x_wconf 84' lang='lat' dir='ltr'>prioratui</span> <span class='ocrx_word' id='word_1_147' title='bbox 327 1162 333 1187; x_wconf 91' lang='lat'>;</span> <span class='ocrx_word' id='word_1_148' title='bbox 372 1149 451 1180; x_wconf 90' lang='lat' dir='ltr'>item</span> <span class='ocrx_word' id='word_1_149' title='bbox 478 1149 627 1181; x_wconf 76' lang='lat' dir='ltr'>undecim</span> <span class='ocrx_word' id='word_1_150' title='bbox 653 1160 741 1181; x_wconf 77' lang='lat' dir='ltr'>acras</span> <span class='ocrx_word' id='word_1_151' title='bbox 768 1150 851 1191; x_wconf 82' lang='lat' dir='ltr'>prati</span> <span class='ocrx_word' id='word_1_152' title='bbox 876 1161 954 1191; x_wconf 78' lang='lat' dir='ltr'>quas</span> <span class='ocrx_word' id='word_1_153' title='bbox 986 1149 1220 1181; x_wconf 71' lang='lat' dir='ltr'><strong>HEREBERTUS</strong></span> <span class='ocrx_word' id='word_1_154' title='bbox 1244 1150 1330 1182; x_wconf 79' lang='lat' dir='ltr'>filius</span> <span class='ocrx_word' id='word_1_155' title='bbox 1355 1150 1517 1182; x_wconf 70' lang='lat' dir='ltr'>HUGoms</span> <span class='ocrx_word' id='word_1_156' title='bbox 1548 1151 1637 1183; x_wconf 85' lang='lat' dir='ltr'>dedit</span> 
     </span>
     <span class='ocr_line' id='line_1_15' title="bbox 155 1218 1637 1261; baseline 0.003 -12"><span class='ocrx_word' id='word_1_157' title='bbox 155 1218 260 1250; x_wconf 87' lang='lat' dir='ltr'>eidem</span> <span class='ocrx_word' id='word_1_158' title='bbox 271 1218 427 1260; x_wconf 80' lang='lat' dir='ltr'>prioratui</span> <span class='ocrx_word' id='word_1_159' title='bbox 441 1231 448 1257; x_wconf 78' lang='lat'><em>3</em></span> <span class='ocrx_word' id='word_1_160' title='bbox 473 1222 504 1250; x_wconf 85' lang='lat' dir='ltr'>et</span> <span class='ocrx_word' id='word_1_161' title='bbox 515 1221 652 1260; x_wconf 85' lang='lat' dir='ltr'>quatuor</span> <span class='ocrx_word' id='word_1_162' title='bbox 668 1231 756 1250; x_wconf 79' lang='lat' dir='ltr'>acras</span> <span class='ocrx_word' id='word_1_163' title='bbox 772 1224 855 1251; x_wconf 80' lang='lat' dir='ltr'>terre</span> <span class='ocrx_word' id='word_1_164' title='bbox 867 1219 963 1261; x_wconf 75' lang='lat' dir='ltr'>juxta</span> <span class='ocrx_word' id='word_1_165' title='bbox 981 1220 1123 1251; x_wconf 84' lang='lat' dir='ltr'>rivulum</span> <span class='ocrx_word' id='word_1_166' title='bbox 1139 1219 1264 1251; x_wconf 45' lang='lat' dir='ltr'>Amnum</span> <span class='ocrx_word' id='word_1_167' title='bbox 1278 1232 1357 1261; x_wconf 81' lang='lat' dir='ltr'>quas</span> <span class='ocrx_word' id='word_1_168' title='bbox 1367 1221 1456 1252; x_wconf 84' lang='lat' dir='ltr'>dedit</span> <span class='ocrx_word' id='word_1_169' title='bbox 1473 1221 1637 1253; x_wconf 71' lang='lat' dir='ltr'>PAGANUS</span> 
     </span>
     <span class='ocr_line' id='line_1_16' title="bbox 157 1287 1637 1330; baseline 0.002 -10"><span class='ocrx_word' id='word_1_170' title='bbox 157 1287 322 1326; x_wconf 69' lang='lat' dir='ltr'>Guossns;</span> <span class='ocrx_word' id='word_1_171' title='bbox 349 1290 381 1319; x_wconf 87' lang='lat' dir='ltr'>et</span> <span class='ocrx_word' id='word_1_172' title='bbox 401 1291 546 1320; x_wconf 88' lang='lat' dir='ltr'>montem</span> <span class='ocrx_word' id='word_1_173' title='bbox 566 1289 606 1319; x_wconf 85' lang='lat' dir='ltr'>de</span> <span class='ocrx_word' id='word_1_174' title='bbox 622 1288 717 1320; x_wconf 78' lang='lat' dir='ltr'>feodo</span> <span class='ocrx_word' id='word_1_175' title='bbox 735 1300 791 1320; x_wconf 68' lang='lat' dir='ltr'>suo</span> <span class='ocrx_word' id='word_1_176' title='bbox 807 1289 860 1330; x_wconf 83' lang='lat' dir='ltr'>qui</span> <span class='ocrx_word' id='word_1_177' title='bbox 880 1292 927 1319; x_wconf 69' lang='lat' dir='ltr'>est</span> <span class='ocrx_word' id='word_1_178' title='bbox 943 1289 1027 1320; x_wconf 86' lang='lat' dir='ltr'>inter</span> <span class='ocrx_word' id='word_1_179' title='bbox 1052 1292 1196 1321; x_wconf 86' lang='lat' dir='ltr'>montem</span> <span class='ocrx_word' id='word_1_180' title='bbox 1214 1290 1254 1320; x_wconf 88' lang='lat' dir='ltr'>de</span> <span class='ocrx_word' id='word_1_181' title='bbox 1279 1289 1428 1321; x_wconf 67' lang='lat' dir='ltr'>Ewnxm</span> <span class='ocrx_word' id='word_1_182' title='bbox 1452 1297 1482 1322; x_wconf 79' lang='lat' dir='ltr'>et</span> <span class='ocrx_word' id='word_1_183' title='bbox 1503 1291 1637 1323; x_wconf 84' lang='lat' dir='ltr'>domum</span> 
     </span>
     <span class='ocr_line' id='line_1_17' title="bbox 156 1358 1636 1400; baseline 0.002 -11"><span class='ocrx_word' id='word_1_184' title='bbox 156 1369 257 1396; x_wconf 82' lang='lat' dir='ltr'>suam,</span> <span class='ocrx_word' id='word_1_185' title='bbox 269 1369 341 1389; x_wconf 89' lang='lat' dir='ltr'>oum</span> <span class='ocrx_word' id='word_1_186' title='bbox 358 1369 410 1389; x_wconf 89' lang='lat' dir='ltr'>om</span> <span class='ocrx_word' id='word_1_187' title='bbox 423 1384 428 1389; x_wconf 97' lang='lat'>.</span> <span class='ocrx_word' id='word_1_188' title='bbox 442 1358 472 1389; x_wconf 87' lang='lat' dir='ltr'>al</span> <span class='ocrx_word' id='word_1_189' title='bbox 485 1384 490 1389; x_wconf 95' lang='lat'><em>.</em></span> <span class='ocrx_word' id='word_1_190' title='bbox 502 1361 574 1400; x_wconf 85' lang='lat' dir='ltr'>pert</span> <span class='ocrx_word' id='word_1_191' title='bbox 588 1383 594 1389; x_wconf 94' lang='lat'>.</span> <span class='ocrx_word' id='word_1_192' title='bbox 609 1358 690 1389; x_wconf 85' lang='lat' dir='ltr'>sicut</span> <span class='ocrx_word' id='word_1_193' title='bbox 706 1358 740 1389; x_wconf 89' lang='lat' dir='ltr'>in</span> <span class='ocrx_word' id='word_1_194' title='bbox 758 1358 854 1390; x_wconf 82' lang='lat' dir='ltr'>cartis</span> <span class='ocrx_word' id='word_1_195' title='bbox 866 1370 976 1390; x_wconf 87' lang='lat' dir='ltr'>eormn</span> <span class='ocrx_word' id='word_1_196' title='bbox 989 1359 1172 1390; x_wconf 81' lang='lat' dir='ltr'>continetur</span> <span class='ocrx_word' id='word_1_197' title='bbox 1185 1371 1191 1396; x_wconf 88' lang='lat'><em>;</em></span> <span class='ocrx_word' id='word_1_198' title='bbox 1217 1359 1294 1391; x_wconf 87' lang='lat' dir='ltr'>item</span> <span class='ocrx_word' id='word_1_199' title='bbox 1308 1359 1472 1391; x_wconf 81' lang='lat' dir='ltr'>ecclesiam</span> <span class='ocrx_word' id='word_1_200' title='bbox 1484 1361 1524 1392; x_wconf 89' lang='lat' dir='ltr'>de</span> <span class='ocrx_word' id='word_1_201' title='bbox 1537 1360 1636 1393; x_wconf 86' lang='lat' dir='ltr'>Novo</span> 
     </span>
     <span class='ocr_line' id='line_1_18' title="bbox 155 1426 1635 1471; baseline 0.003 -13"><span class='ocrx_word' id='word_1_202' title='bbox 155 1426 278 1458; x_wconf 66' lang='lat' dir='ltr'>Bmzoo</span> <span class='ocrx_word' id='word_1_203' title='bbox 301 1438 374 1459; x_wconf 88' lang='lat' dir='ltr'>cum</span> <span class='ocrx_word' id='word_1_204' title='bbox 397 1427 546 1459; x_wconf 83' lang='lat' dir='ltr'>omnibus</span> <span class='ocrx_word' id='word_1_205' title='bbox 558 1427 762 1469; x_wconf 83' lang='lat' dir='ltr'>pertinentiis</span> <span class='ocrx_word' id='word_1_206' title='bbox 779 1431 811 1459; x_wconf 87' lang='lat' dir='ltr'>et</span> <span class='ocrx_word' id='word_1_207' title='bbox 838 1427 1042 1459; x_wconf 68' lang='lat' dir='ltr'>libertatibus</span> <span class='ocrx_word' id='word_1_208' title='bbox 1066 1431 1097 1459; x_wconf 90' lang='lat' dir='ltr'>et</span> <span class='ocrx_word' id='word_1_209' title='bbox 1120 1428 1300 1460; x_wconf 83' lang='lat' dir='ltr'>redditibus</span> <span class='ocrx_word' id='word_1_210' title='bbox 1324 1434 1355 1461; x_wconf 86' lang='lat' dir='ltr'>et</span> <span class='ocrx_word' id='word_1_211' title='bbox 1378 1430 1521 1471; x_wconf 81' lang='lat' dir='ltr'>piscariis</span> <span class='ocrx_word' id='word_1_212' title='bbox 1544 1432 1635 1471; x_wconf 86' lang='lat' dir='ltr'>sicut,</span> 
     </span>
     <span class='ocr_line' id='line_1_19' title="bbox 155 1496 1636 1544; baseline 0.004 -16"><span class='ocrx_word' id='word_1_213' title='bbox 155 1500 212 1528; x_wconf 85' lang='lat' dir='ltr'>etc.</span> <span class='ocrx_word' id='word_1_214' title='bbox 232 1509 239 1535; x_wconf 85' lang='lat'>;</span> <span class='ocrx_word' id='word_1_215' title='bbox 272 1497 351 1529; x_wconf 88' lang='lat' dir='ltr'>item</span> <span class='ocrx_word' id='word_1_216' title='bbox 372 1497 554 1528; x_wconf 83' lang='lat' dir='ltr'>manerium</span> <span class='ocrx_word' id='word_1_217' title='bbox 580 1497 620 1529; x_wconf 91' lang='lat' dir='ltr'>de</span> <span class='ocrx_word' id='word_1_218' title='bbox 643 1496 816 1535; x_wconf 63' lang='lat' dir='ltr'>Tuneor,</span> <span class='ocrx_word' id='word_1_219' title='bbox 842 1498 927 1539; x_wconf 88' lang='lat' dir='ltr'>quod</span> <span class='ocrx_word' id='word_1_220' title='bbox 952 1500 999 1529; x_wconf 76' lang='lat' dir='ltr'>est</span> <span class='ocrx_word' id='word_1_221' title='bbox 1022 1498 1056 1529; x_wconf 93' lang='lat' dir='ltr'>in</span> <span class='ocrx_word' id='word_1_222' title='bbox 1081 1498 1235 1530; x_wconf 81' lang='lat' dir='ltr'>comitatu</span> <span class='ocrx_word' id='word_1_223' title='bbox 1259 1500 1297 1530; x_wconf 86' lang='lat' dir='ltr'>de</span> <span class='ocrx_word' id='word_1_224' title='bbox 1315 1499 1532 1533; x_wconf 71' lang='lat' dir='ltr'>GLAMORGAN</span> <span class='ocrx_word' id='word_1_225' title='bbox 1551 1504 1636 1544; x_wconf 89' lang='lat' dir='ltr'>quod</span> 
     </span>
     <span class='ocr_line' id='line_1_20' title="bbox 155 1565 1635 1609; baseline 0.004 -11"><span class='ocrx_word' id='word_1_226' title='bbox 155 1565 196 1598; x_wconf 79' lang='lat' dir='ltr'>ab</span> <span class='ocrx_word' id='word_1_227' title='bbox 220 1566 354 1608; x_wconf 81' lang='lat' dir='ltr'>antiquo</span> <span class='ocrx_word' id='word_1_228' title='bbox 385 1569 560 1598; x_wconf 85' lang='lat' dir='ltr'>tenuerunt</span> <span class='ocrx_word' id='word_1_229' title='bbox 593 1569 623 1598; x_wconf 90' lang='lat' dir='ltr'>et</span> <span class='ocrx_word' id='word_1_230' title='bbox 657 1567 738 1599; x_wconf 88' lang='lat' dir='ltr'>sicut</span> <span class='ocrx_word' id='word_1_231' title='bbox 770 1567 950 1608; x_wconf 76' lang='lat' dir='ltr'>antiquitus</span> <span class='ocrx_word' id='word_1_232' title='bbox 978 1567 1012 1598; x_wconf 90' lang='lat' dir='ltr'>in</span> <span class='ocrx_word' id='word_1_233' title='bbox 1045 1570 1188 1609; x_wconf 85' lang='lat' dir='ltr'>tempore</span> <span class='ocrx_word' id='word_1_234' title='bbox 1221 1571 1457 1601; x_wconf 80' lang='lat' dir='ltr'>antecessorum</span> <span class='ocrx_word' id='word_1_235' title='bbox 1491 1583 1635 1604; x_wconf 86' lang='lat' dir='ltr'>meorum</span> 
     </span>
     <span class='ocr_line' id='line_1_21' title="bbox 154 1635 1634 1678; baseline 0.005 -12"><span class='ocrx_word' id='word_1_236' title='bbox 154 1635 269 1666; x_wconf 77' lang='lat' dir='ltr'>melius</span> <span class='ocrx_word' id='word_1_237' title='bbox 300 1638 483 1674; x_wconf 84' lang='lat' dir='ltr'>tenuerunt,</span> <span class='ocrx_word' id='word_1_238' title='bbox 515 1647 588 1667; x_wconf 78' lang='lat' dir='ltr'>cum</span> <span class='ocrx_word' id='word_1_239' title='bbox 626 1635 775 1668; x_wconf 87' lang='lat' dir='ltr'>omnibus</span> <span class='ocrx_word' id='word_1_240' title='bbox 806 1636 1010 1678; x_wconf 72' lang='lat' dir='ltr'>pertinentiis</span> <span class='ocrx_word' id='word_1_241' title='bbox 1041 1639 1073 1668; x_wconf 91' lang='lat' dir='ltr'>et</span> <span class='ocrx_word' id='word_1_242' title='bbox 1102 1636 1306 1669; x_wconf 81' lang='lat' dir='ltr'>libertatibus</span> <span class='ocrx_word' id='word_1_243' title='bbox 1336 1639 1410 1677; x_wconf 84' lang='lat' dir='ltr'>suis,</span> <span class='ocrx_word' id='word_1_244' title='bbox 1442 1643 1499 1671; x_wconf 91' lang='lat' dir='ltr'>etc.</span> <span class='ocrx_word' id='word_1_245' title='bbox 1549 1640 1634 1673; x_wconf 87' lang='lat' dir='ltr'>Item</span> 
     </span>
     <span class='ocr_line' id='line_1_22' title="bbox 153 1704 1632 1747; baseline 0.005 -11"><span class='ocrx_word' id='word_1_246' title='bbox 153 1705 290 1736; x_wconf 82' lang='lat' dir='ltr'>concessi</span> <span class='ocrx_word' id='word_1_247' title='bbox 307 1704 400 1736; x_wconf 88' lang='lat' dir='ltr'>dictis</span> <span class='ocrx_word' id='word_1_248' title='bbox 415 1705 580 1736; x_wconf 81' lang='lat' dir='ltr'>monachis</span> <span class='ocrx_word' id='word_1_249' title='bbox 596 1704 851 1743; x_wconf 61' lang='lat' dir='ltr'>Groucsss-muffi,</span> <span class='ocrx_word' id='word_1_250' title='bbox 869 1711 905 1737; x_wconf 81' lang='lat' dir='ltr'>nt</span> <span class='ocrx_word' id='word_1_251' title='bbox 923 1709 989 1737; x_wconf 76' lang='lat' dir='ltr'>tarn</span> <span class='ocrx_word' id='word_1_252' title='bbox 1006 1706 1067 1747; x_wconf 86' lang='lat' dir='ltr'>ipsi</span> <span class='ocrx_word' id='word_1_253' title='bbox 1084 1717 1181 1747; x_wconf 85' lang='lat' dir='ltr'>quam</span> <span class='ocrx_word' id='word_1_254' title='bbox 1197 1707 1345 1739; x_wconf 85' lang='lat' dir='ltr'>monachi</span> <span class='ocrx_word' id='word_1_255' title='bbox 1371 1708 1429 1740; x_wconf 80' lang='lat' dir='ltr'>Sti.</span> <span class='ocrx_word' id='word_1_256' title='bbox 1453 1709 1632 1743; x_wconf 71' lang='lat' dir='ltr'><strong>GL&#39;THLACI</strong></span> 
     </span>
     <span class='ocr_line' id='line_1_23' title="bbox 154 1773 1633 1822; baseline 0.005 -17"><span class='ocrx_word' id='word_1_257' title='bbox 154 1773 397 1805; x_wconf 77' lang='lat' dir='ltr'><strong>HEREFORDIAE</strong></span> <span class='ocrx_word' id='word_1_258' title='bbox 419 1773 483 1805; x_wconf 84' lang='lat' dir='ltr'>sint</span> <span class='ocrx_word' id='word_1_259' title='bbox 505 1773 598 1805; x_wconf 84' lang='lat' dir='ltr'>liberi</span> <span class='ocrx_word' id='word_1_260' title='bbox 621 1777 653 1805; x_wconf 91' lang='lat' dir='ltr'>et</span> <span class='ocrx_word' id='word_1_261' title='bbox 681 1774 781 1816; x_wconf 78' lang='lat' dir='ltr'>quieti</span> <span class='ocrx_word' id='word_1_262' title='bbox 802 1775 1040 1816; x_wconf 83' lang='lat' dir='ltr'>imperpetuum</span> <span class='ocrx_word' id='word_1_263' title='bbox 1057 1775 1097 1806; x_wconf 89' lang='lat' dir='ltr'>de</span> <span class='ocrx_word' id='word_1_264' title='bbox 1112 1775 1261 1807; x_wconf 86' lang='lat' dir='ltr'>theloneo</span> <span class='ocrx_word' id='word_1_265' title='bbox 1277 1778 1364 1808; x_wconf 86' lang='lat' dir='ltr'>etde</span> <span class='ocrx_word' id='word_1_266' title='bbox 1390 1779 1538 1812; x_wconf 76' lang='lat' dir='ltr'>omnibus</span> <span class='ocrx_word' id='word_1_267' title='bbox 1560 1792 1633 1822; x_wconf 81' lang='lat' dir='ltr'>quae</span> 
     </span>
     <span class='ocr_line' id='line_1_24' title="bbox 154 1843 1630 1889; baseline 0.006 -16"><span class='ocrx_word' id='word_1_268' title='bbox 154 1843 196 1874; x_wconf 87' lang='lat' dir='ltr'>ad</span> <span class='ocrx_word' id='word_1_269' title='bbox 212 1854 284 1874; x_wconf 83' lang='lat' dir='ltr'>suos</span> <span class='ocrx_word' id='word_1_270' title='bbox 299 1843 443 1884; x_wconf 84' lang='lat' dir='ltr'>proprios</span> <span class='ocrx_word' id='word_1_271' title='bbox 458 1854 534 1874; x_wconf 87' lang='lat' dir='ltr'>usus</span> <span class='ocrx_word' id='word_1_272' title='bbox 550 1843 687 1875; x_wconf 86' lang='lat' dir='ltr'>emerint</span> <span class='ocrx_word' id='word_1_273' title='bbox 702 1844 753 1875; x_wconf 86' lang='lat' dir='ltr'>vel</span> <span class='ocrx_word' id='word_1_274' title='bbox 770 1844 974 1876; x_wconf 83' lang='lat' dir='ltr'>vendiderint</span> <span class='ocrx_word' id='word_1_275' title='bbox 990 1845 1077 1886; x_wconf 85' lang='lat' dir='ltr'>apud</span> <span class='ocrx_word' id='word_1_276' title='bbox 1093 1844 1325 1878; x_wconf 66' lang='lat' dir='ltr'>BRls’roLLnM</span> <span class='ocrx_word' id='word_1_277' title='bbox 1348 1851 1378 1878; x_wconf 89' lang='lat' dir='ltr'>et</span> <span class='ocrx_word' id='word_1_278' title='bbox 1402 1848 1574 1889; x_wconf 79' lang='lat' dir='ltr'>KAYRDIF‚</span> <span class='ocrx_word' id='word_1_279' title='bbox 1599 1855 1630 1883; x_wconf 87' lang='lat' dir='ltr'>et</span> 
     </span>
    </p>
   </div>
   <div class='ocr_carea' id='block_1_3' title="bbox 152 1911 1628 1958">
    <p class='ocr_par' dir='ltr' id='par_1_3' title="bbox 152 1911 1628 1958">
     <span class='ocr_line' id='line_1_25' title="bbox 152 1911 1628 1958; baseline 0.006 -14"><span class='ocrx_word' id='word_1_280' title='bbox 152 1911 283 1944; x_wconf 74' lang='lat' dir='ltr'>NovnM</span> <span class='ocrx_word' id='word_1_281' title='bbox 306 1911 470 1951; x_wconf 79' lang='lat' dir='ltr'><strong>BURGUM,</strong></span> <span class='ocrx_word' id='word_1_282' title='bbox 494 1912 576 1944; x_wconf 83' lang='lat' dir='ltr'>sicut</span> <span class='ocrx_word' id='word_1_283' title='bbox 599 1913 634 1944; x_wconf 91' lang='lat' dir='ltr'>in</span> <span class='ocrx_word' id='word_1_284' title='bbox 650 1917 736 1945; x_wconf 77' lang='lat' dir='ltr'>carta</span> <span class='ocrx_word' id='word_1_285' title='bbox 753 1913 940 1946; x_wconf 45' lang='lat' dir='ltr'>W111L13LM1</span> <span class='ocrx_word' id='word_1_286' title='bbox 960 1914 1084 1945; x_wconf 73' lang='lat' dir='ltr'>comitis</span> <span class='ocrx_word' id='word_1_287' title='bbox 1100 1913 1344 1948; x_wconf 73' lang='lat' dir='ltr'><strong>GLOUCESTRIAE</strong></span> <span class='ocrx_word' id='word_1_288' title='bbox 1360 1918 1553 1958; x_wconf 72' lang='lat' dir='ltr'>continetur,</span> <span class='ocrx_word' id='word_1_289' title='bbox 1571 1924 1628 1953; x_wconf 90' lang='lat' dir='ltr'>etc.</span> 
     </span>
    </p>
   </div>
   <div class='ocr_carea' id='block_1_4' title="bbox 151 1980 804 2023">
    <p class='ocr_par' dir='ltr' id='par_1_4' title="bbox 151 1980 804 2023">
     <span class='ocr_line' id='line_1_26' title="bbox 151 1980 804 2023; baseline 0.003 -11"><span class='ocrx_word' id='word_1_290' title='bbox 151 1980 195 2012; x_wconf 90' lang='lat' dir='ltr'>In</span> <span class='ocrx_word' id='word_1_291' title='bbox 222 1980 322 2023; x_wconf 79' lang='lat' dir='ltr'>hujus</span> <span class='ocrx_word' id='word_1_292' title='bbox 348 1983 418 2020; x_wconf 64' lang='lat' dir='ltr'>etc„</span> <span class='ocrx_word' id='word_1_293' title='bbox 444 1984 502 2013; x_wconf 83' lang='lat' dir='ltr'>etc.</span> <span class='ocrx_word' id='word_1_294' title='bbox 550 1981 628 2013; x_wconf 85' lang='lat' dir='ltr'>Hiis</span> <span class='ocrx_word' id='word_1_295' title='bbox 660 1982 804 2014; x_wconf 81' lang='lat' dir='ltr'>testibus.</span> 
     </span>
    </p>
   </div>
   <div class='ocr_carea' id='block_1_5' title="bbox 157 2049 1622 2248">
    <p class='ocr_par' dir='ltr' id='par_1_5' title="bbox 157 2049 1622 2248">
     <span class='ocr_line' id='line_1_27' title="bbox 196 2049 1621 2080; baseline 0.007 -10"><span class='ocrx_word' id='word_1_296' title='bbox 196 2049 256 2071; x_wconf 72' lang='lat' dir='ltr'>This</span> <span class='ocrx_word' id='word_1_297' title='bbox 268 2049 288 2070; x_wconf 78' lang='lat' dir='ltr'>is</span> <span class='ocrx_word' id='word_1_298' title='bbox 300 2049 341 2071; x_wconf 78' lang='lat' dir='ltr'>the</span> <span class='ocrx_word' id='word_1_299' title='bbox 352 2049 450 2072; x_wconf 81' lang='lat' dir='ltr'>earliest</span> <span class='ocrx_word' id='word_1_300' title='bbox 461 2049 564 2072; x_wconf 78' lang='lat' dir='ltr'>Charter</span> <span class='ocrx_word' id='word_1_301' title='bbox 575 2051 678 2079; x_wconf 82' lang='lat' dir='ltr'>granted</span> <span class='ocrx_word' id='word_1_302' title='bbox 689 2051 722 2080; x_wconf 87' lang='lat' dir='ltr'>by</span> <span class='ocrx_word' id='word_1_303' title='bbox 734 2051 776 2073; x_wconf 85' lang='lat' dir='ltr'>the</span> <span class='ocrx_word' id='word_1_304' title='bbox 787 2051 841 2073; x_wconf 83' lang='lat' dir='ltr'>first.</span> <span class='ocrx_word' id='word_1_305' title='bbox 853 2053 877 2073; x_wconf 75' lang='grc' dir='ltr'>οι·</span> <span class='ocrx_word' id='word_1_306' title='bbox 896 2052 936 2073; x_wconf 83' lang='lat' dir='ltr'>the</span> <span class='ocrx_word' id='word_1_307' title='bbox 948 2059 1000 2074; x_wconf 83' lang='lat' dir='ltr'>new</span> <span class='ocrx_word' id='word_1_308' title='bbox 1013 2052 1128 2080; x_wconf 68' lang='lat' dir='ltr'>dynasty.</span> <span class='ocrx_word' id='word_1_309' title='bbox 1160 2052 1256 2075; x_wconf 72' lang='lat' dir='ltr'>Gilbert</span> <span class='ocrx_word' id='word_1_310' title='bbox 1269 2054 1298 2075; x_wconf 91' lang='lat' dir='ltr'>de</span> <span class='ocrx_word' id='word_1_311' title='bbox 1310 2053 1387 2079; x_wconf 71' lang='lat' dir='ltr'>Clare,</span> <span class='ocrx_word' id='word_1_312' title='bbox 1397 2054 1453 2078; x_wconf 70' lang='lat' dir='ltr'>Earl</span> <span class='ocrx_word' id='word_1_313' title='bbox 1465 2057 1490 2078; x_wconf 76' lang='lat' dir='ltr'>of</span> <span class='ocrx_word' id='word_1_314' title='bbox 1503 2057 1621 2080; x_wconf 79' lang='lat' dir='ltr'>Hereford</span> 
     </span>
     <span class='ocr_line' id='line_1_28' title="bbox 159 2092 1622 2124; baseline 0.006 -11"><span class='ocrx_word' id='word_1_315' title='bbox 159 2092 192 2121; x_wconf 86' lang='lat' dir='ltr'>by</span> <span class='ocrx_word' id='word_1_316' title='bbox 210 2094 303 2120; x_wconf 75' lang='lat' dir='ltr'>patent.</span> <span class='ocrx_word' id='word_1_317' title='bbox 320 2092 368 2113; x_wconf 78' lang='lat' dir='ltr'>and</span> <span class='ocrx_word' id='word_1_318' title='bbox 387 2092 413 2114; x_wconf 77' lang='lat' dir='ltr'>of</span> <span class='ocrx_word' id='word_1_319' title='bbox 437 2092 581 2115; x_wconf 81' lang='lat' dir='ltr'>Gloucester</span> <span class='ocrx_word' id='word_1_320' title='bbox 597 2094 630 2123; x_wconf 80' lang='lat' dir='ltr'>by</span> <span class='ocrx_word' id='word_1_321' title='bbox 647 2094 767 2116; x_wconf 77' lang='lat' dir='ltr'>maternal</span> <span class='ocrx_word' id='word_1_322' title='bbox 783 2094 883 2116; x_wconf 79' lang='lat' dir='ltr'>descent</span> <span class='ocrx_word' id='word_1_323' title='bbox 901 2101 951 2116; x_wconf 71' lang='lat' dir='ltr'>was</span> <span class='ocrx_word' id='word_1_324' title='bbox 963 2094 1067 2116; x_wconf 71' lang='lat' dir='ltr'>married</span> <span class='ocrx_word' id='word_1_325' title='bbox 1083 2095 1108 2116; x_wconf 88' lang='lat' dir='ltr'>in</span> <span class='ocrx_word' id='word_1_326' title='bbox 1133 2095 1235 2124; x_wconf 74' lang='lat'>1217-18,</span> <span class='ocrx_word' id='word_1_327' title='bbox 1247 2096 1294 2118; x_wconf 81' lang='lat' dir='ltr'>and</span> <span class='ocrx_word' id='word_1_328' title='bbox 1306 2098 1438 2120; x_wconf 75' lang='lat' dir='ltr'>sueceeded</span> <span class='ocrx_word' id='word_1_329' title='bbox 1450 2099 1474 2120; x_wconf 87' lang='lat' dir='ltr'>in</span> <span class='ocrx_word' id='word_1_330' title='bbox 1488 2100 1551 2121; x_wconf 28' lang='lat'>1226*</span> <span class='ocrx_word' id='word_1_331' title='bbox 1584 2101 1622 2123; x_wconf 87' lang='lat' dir='ltr'>He</span> 
     </span>
     <span class='ocr_line' id='line_1_29' title="bbox 157 2134 1620 2166; baseline 0.006 -10"><span class='ocrx_word' id='word_1_332' title='bbox 157 2134 207 2156; x_wconf 82' lang='lat' dir='ltr'>and</span> <span class='ocrx_word' id='word_1_333' title='bbox 223 2134 260 2156; x_wconf 79' lang='lat' dir='ltr'>his</span> <span class='ocrx_word' id='word_1_334' title='bbox 278 2134 398 2156; x_wconf 82' lang='lat' dir='ltr'>Countess</span> <span class='ocrx_word' id='word_1_335' title='bbox 414 2134 496 2157; x_wconf 69' lang='lat' dir='ltr'>{sabel</span> <span class='ocrx_word' id='word_1_336' title='bbox 511 2135 568 2158; x_wconf 84' lang='lat' dir='ltr'>here</span> <span class='ocrx_word' id='word_1_337' title='bbox 584 2135 685 2157; x_wconf 83' lang='lat' dir='ltr'>confirm</span> <span class='ocrx_word' id='word_1_338' title='bbox 701 2139 728 2158; x_wconf 76' lang='lat' dir='ltr'>to</span> <span class='ocrx_word' id='word_1_339' title='bbox 745 2136 890 2158; x_wconf 76' lang='lat' dir='ltr'>Gloucester</span> <span class='ocrx_word' id='word_1_340' title='bbox 905 2136 938 2158; x_wconf 88' lang='lat' dir='ltr'>all</span> <span class='ocrx_word' id='word_1_341' title='bbox 956 2136 1020 2158; x_wconf 84' lang='lat' dir='ltr'>their</span> <span class='ocrx_word' id='word_1_342' title='bbox 1036 2137 1188 2164; x_wconf 66' lang='lat' dir='ltr'>possessione</span> <span class='ocrx_word' id='word_1_343' title='bbox 1206 2137 1229 2159; x_wconf 85' lang='lat' dir='ltr'>in</span> <span class='ocrx_word' id='word_1_344' title='bbox 1247 2139 1288 2160; x_wconf 77' lang='lat' dir='ltr'>the</span> <span class='ocrx_word' id='word_1_345' title='bbox 1308 2138 1411 2162; x_wconf 79' lang='lat' dir='ltr'>Honour</span> <span class='ocrx_word' id='word_1_346' title='bbox 1426 2141 1451 2162; x_wconf 86' lang='lat' dir='ltr'>of</span> <span class='ocrx_word' id='word_1_347' title='bbox 1469 2141 1620 2166; x_wconf 79' lang='lat' dir='ltr'>Gloucester.</span> 
     </span>
     <span class='ocr_line' id='line_1_30' title="bbox 157 2176 1619 2213; baseline 0.006 -15"><span class='ocrx_word' id='word_1_348' title='bbox 157 2176 267 2198; x_wconf 83' lang='lat' dir='ltr'>whether</span> <span class='ocrx_word' id='word_1_349' title='bbox 283 2177 308 2198; x_wconf 90' lang='lat' dir='ltr'>in</span> <span class='ocrx_word' id='word_1_350' title='bbox 324 2176 438 2205; x_wconf 81' lang='lat' dir='ltr'>England</span> <span class='ocrx_word' id='word_1_351' title='bbox 454 2184 481 2199; x_wconf 90' lang='lat' dir='ltr'>or</span> <span class='ocrx_word' id='word_1_352' title='bbox 497 2177 522 2199; x_wconf 85' lang='lat' dir='ltr'>in</span> <span class='ocrx_word' id='word_1_353' title='bbox 538 2177 637 2206; x_wconf 79' lang='lat' dir='ltr'>Wales;</span> <span class='ocrx_word' id='word_1_354' title='bbox 655 2178 697 2200; x_wconf 82' lang='lat' dir='ltr'>the</span> <span class='ocrx_word' id='word_1_355' title='bbox 715 2178 817 2201; x_wconf 86' lang='lat' dir='ltr'>Honour</span> <span class='ocrx_word' id='word_1_356' title='bbox 833 2179 889 2200; x_wconf 83' lang='lat' dir='ltr'>here</span> <span class='ocrx_word' id='word_1_357' title='bbox 905 2179 1031 2208; x_wconf 81' lang='lat' dir='ltr'>evidently</span> <span class='ocrx_word' id='word_1_358' title='bbox 1049 2179 1123 2208; x_wconf 84' lang='lat' dir='ltr'>being</span> <span class='ocrx_word' id='word_1_359' title='bbox 1139 2180 1260 2208; x_wconf 82' lang='lat' dir='ltr'>supposed</span> <span class='ocrx_word' id='word_1_360' title='bbox 1279 2184 1304 2202; x_wconf 78' lang='lat' dir='ltr'>to</span> <span class='ocrx_word' id='word_1_361' title='bbox 1321 2181 1418 2205; x_wconf 84' lang='lat' dir='ltr'>include</span> <span class='ocrx_word' id='word_1_362' title='bbox 1438 2184 1480 2205; x_wconf 69' lang='lat' dir='ltr'>the</span> <span class='ocrx_word' id='word_1_363' title='bbox 1492 2184 1619 2213; x_wconf 69' lang='lat' dir='ltr'>Lordship,</span> 
     </span>
     <span class='ocr_line' id='line_1_31' title="bbox 158 2218 1165 2248; baseline 0.004 -8"><span class='ocrx_word' id='word_1_364' title='bbox 158 2218 225 2241; x_wconf 82' lang='lat' dir='ltr'>Most</span> <span class='ocrx_word' id='word_1_365' title='bbox 237 2220 261 2240; x_wconf 79' lang='lat' dir='ltr'>of</span> <span class='ocrx_word' id='word_1_366' title='bbox 278 2219 320 2241; x_wconf 82' lang='lat' dir='ltr'>the</span> <span class='ocrx_word' id='word_1_367' title='bbox 331 2222 418 2247; x_wconf 79' lang='lat' dir='ltr'>grants</span> <span class='ocrx_word' id='word_1_368' title='bbox 429 2219 544 2248; x_wconf 79' lang='lat' dir='ltr'>specified</span> <span class='ocrx_word' id='word_1_369' title='bbox 555 2220 617 2243; x_wconf 79' lang='lat' dir='ltr'>have</span> <span class='ocrx_word' id='word_1_370' title='bbox 629 2221 690 2243; x_wconf 81' lang='lat' dir='ltr'>been</span> <span class='ocrx_word' id='word_1_371' title='bbox 702 2221 815 2244; x_wconf 86' lang='lat' dir='ltr'>included</span> <span class='ocrx_word' id='word_1_372' title='bbox 827 2222 852 2243; x_wconf 86' lang='lat' dir='ltr'>in</span> <span class='ocrx_word' id='word_1_373' title='bbox 864 2222 954 2244; x_wconf 73' lang='lat' dir='ltr'>former</span> <span class='ocrx_word' id='word_1_374' title='bbox 966 2222 1165 2245; x_wconf 76' lang='lat' dir='ltr'>comfirmations.</span> 
     </span>
    </p>
   </div>
  </div>
 </body>
</html>
