1998 2724
342 180 405 211 710

296 338 331 369 in
362 337 511 369 omnibus
550 336 760 379 prescriptam
791 338 902 368 contra
933 345 1043 367 omnes
1083 336 1197 377 gentes
1234 334 1462 377 inperpetuum
1500 333 1781 367 warantizabimus

296 406 508 438 defendemus
529 409 562 438 et
585 404 854 448 adquietabimus.
902 404 948 436 Et
970 406 1006 436 ut
1028 415 1101 436 mea
1121 403 1253 435 donatio
1277 403 1434 436 concessio
1455 406 1487 435 et
1506 403 1605 446 hujus
1626 404 1783 445 presentis

299 479 384 507 carte
407 487 477 507 mee
501 475 704 508 confirmacio
725 477 794 507 rate
819 477 851 507 et
874 473 1004 506 stabiles
1034 473 1234 516 inposterum
1260 476 1470 515 permaneant
1496 473 1579 505 hanc
1602 475 1783 515 presentem

297 547 418 577 cartam
442 544 542 587 sigilli
566 544 630 577 mei
651 543 860 586 impressione
881 542 1038 575 roboravi.
1096 542 1175 574 Hiis
1196 541 1332 574 testibus
1354 568 1360 573 .
1387 542 1517 574 domino
1540 541 1717 574 WALTERO
1743 542 1783 574 de

298 613 426 645 SULLIA
445 639 450 645 .
469 614 600 646 domino
625 613 787 645 RoBERTo
804 613 843 644 de
868 612 1013 644 SUMERY
1030 637 1037 644 .
1053 611 1250 644 WILLELMO
1266 612 1306 643 de
1322 610 1487 643 RmNGxY
1506 637 1512 642 .
1531 610 1727 643 WlLLELMO
1743 611 1783 643 de

297 683 421 715 BARRY
433 709 438 715 .
452 683 630 717 WALTERO
646 683 686 714 de
703 682 868 714 Rms-GNY
883 680 1099 714 .W1LLELMO
1115 680 1182 712 filio
1200 680 1380 712 AYLWARD
1393 706 1398 711 .
1412 680 1490 712 ADA
1508 680 1574 712 filio
1590 680 1761 712 DANIELIS
1775 706 1780 711 .

298 752 496 785 WILLELMO
512 753 579 785 filio
599 753 733 784 Roonm
750 752 904 784 Aucnms
923 777 927 783 .
947 750 1125 784 WALTERO
1142 751 1181 782 de
1197 750 1314 782 COGAN
1331 753 1363 782 et
1379 750 1459 782 aliis.

957 921 1121 954 DCLIII.

297 1005 459 1039 ROGER
482 1005 547 1038 DE
574 1004 939 1038 GLOUEOESTRIA
964 1003 1151 1037 GRANTS
1175 1003 1310 1036 LAND
1334 1003 1397 1036 AT
1420 1002 1647 1042 KENNOW,
1671 1001 1782 1041 ETO„

480 1074 538 1107 ΤΟ
578 1074 732 1114 OWEN,
772 1074 871 1106 THE
912 1072 1081 1106 PRIEST
1120 1072 1179 1105 OF
1216 1072 1278 1105 ST.
1319 1071 1588 1104 MICHAEL’S.

800 1156 905 1199 [Ano.
932 1156 1110 1195 CHARTER,
1134 1154 1282 1198 24‚266.]
1657 1153 1735 1186 SD.

340 1239 451 1272 Sciant
466 1243 630 1282 presentes
646 1242 677 1271 et
694 1239 800 1271 futuri
817 1239 903 1281 quod
919 1250 980 1281 ego
997 1223 1161 1271 Rosssxms
1178 1239 1218 1270 de
1237 1237 1497 1270 GLOUECESTRIA
1514 1236 1588 1269 dedi
1605 1238 1636 1268 et
1650 1236 1788 1268 concessi

294 1311 327 1341 et
342 1309 402 1341 hac
418 1309 558 1351 presenti
575 1311 663 1341 carta
678 1319 750 1341 mea
766 1308 953 1340 confirmavi
971 1307 1101 1340 mexo
1118 1307 1275 1339 sacerdoti
1291 1307 1330 1338 de
1349 1305 1467 1338 Sancto
1483 1305 1672 1337 anfflm
1684 1307 1787 1337 totam

297 1382 417 1410 terram
434 1389 533 1420 quam
550 1377 750 1410 GALFRIDUS
766 1380 858 1420 pater
874 1377 945 1420 ejus
962 1377 1068 1409 tenuit
1085 1388 1158 1408 cum
1174 1375 1346 1408 hameletis
1362 1386 1424 1417 que
1441 1375 1549 1417 jacent
1565 1375 1652 1407 intra
1669 1377 1788 1406 terram

298 1448 389 1480 illam
415 1459 509 1490 super
535 1446 697 1479 KENNow
725 1450 757 1479 et
785 1446 963 1478 BRENYOW
991 1449 1023 1478 et
1051 1446 1133 1478 sicut
1158 1446 1378 1477 extenduntur
1405 1456 1506 1486 usque
1534 1445 1575 1476 ad
1603 1455 1720 1486 aquam
1748 1444 1788 1475 de

301 1516 459 1549 meow
476 1520 508 1550 et
521 1516 701 1549 BRENYow
714 1520 747 1549 et
757 1528 831 1548 cum
844 1517 1005 1559 pendente
1015 1516 1071 1558 qui
1086 1516 1173 1558 jacet
1185 1515 1217 1547 in
1232 1514 1424 1548 occidentali
1435 1517 1526 1556 parte
1539 1516 1623 1547 terre
1635 1513 1788 1546 harabilis

296 1586 434 1629 jacentis
457 1598 552 1628 super
576 1585 736 1618 KENYow
760 1597 821 1628 que
845 1586 910 1618 fuit
934 1585 1081 1628 ejusdem
1106 1585 1277 1617 Grumum
1302 1588 1334 1617 et
1355 1595 1374 1616 a
1395 1584 1498 1626 capite
1515 1583 1602 1615 issius
1625 1584 1708 1615 terre
1725 1594 1788 1624 quo

300 1656 419 1688 scilicet
432 1659 495 1688 stat
506 1656 641 1698 quidam
654 1667 794 1698 magnus
805 1656 887 1697 lapis
898 1655 1004 1687 tendit
1014 1666 1123 1687 versus
1136 1654 1334 1687 occidentem
1346 1653 1441 1696 Juxta
1453 1653 1537 1685 viam
1548 1664 1611 1695 qua
1623 1652 1689 1685 itur
1700 1653 1788 1694 apud

301 1725 569 1759 WRENCHESTON
598 1729 630 1757 et
655 1725 934 1757 MicHELEsTOWE
963 1736 1062 1767 usque
1087 1725 1129 1756 ad
1154 1727 1281 1766 partem
1305 1723 1535 1756 occidentalem
1561 1722 1652 1765 parvi
1676 1721 1788 1754 fossati

303 1795 397 1837 eujus
412 1806 516 1827 unum
532 1795 636 1837 capud
660 1794 746 1837 jacet
768 1806 877 1827 versus
893 1796 1018 1836 partem
1034 1793 1194 1826 borealem
1218 1796 1250 1825 et
1273 1793 1411 1825 alterum
1436 1802 1546 1826 versus
1568 1794 1693 1834 partem
1717 1801 1788 1823 aus-

302 1865 418 1896 tralem
443 1865 477 1896 in
505 1864 598 1906 cujus
622 1869 712 1906 parte
744 1864 934 1897 occidentali
958 1866 1022 1896 stat
1046 1864 1185 1906 quedam
1208 1862 1282 1895 alba
1305 1863 1397 1905 spina
1420 1864 1451 1894 et
1476 1861 1662 1893 extenditur
1685 1861 1789 1893 dictus

304 1934 448 1976 pendens
461 1945 569 1966 versus
581 1936 707 1976 partein
720 1934 895 1966 australem
905 1944 1006 1975 usque
1018 1934 1060 1965 ad
1072 1932 1231 1965 KENrow
1245 1932 1422 1964 secundum
1434 1931 1552 1963 scilicet
1566 1929 1791 1972 obliquitatem

304 2014 460 2046 magnam
483 2014 592 2035 versus
619 2003 816 2035 occidentem
837 2008 869 2035 et
891 2014 964 2035 cum
984 2013 1083 2045 grava
1109 2013 1170 2044 que
1197 2001 1282 2043 jacet
1308 2001 1342 2033 in
1369 2000 1473 2043 capite
1499 1999 1669 2042 cujusdam
1690 1998 1791 2040 partis

305 2072 389 2104 dicte
414 2075 497 2103 terre
523 2083 585 2114 que
611 2071 730 2104 scilicet
758 2083 830 2114 pars
855 2072 1038 2114 appellatur
1069 2070 1289 2104 WALsmoNn
1317 2073 1349 2102 et
1376 2069 1553 2102 secundum
1580 2067 1790 2100 latitudinem

306 2141 453 2183 ejusdem
479 2141 585 2173 tendit
613 2143 724 2173 contra
751 2144 894 2173 montem
921 2152 1021 2183 usque
1049 2141 1091 2172 ad
1112 2140 1218 2172 locum
1238 2140 1294 2182 qui
1317 2139 1435 2171 dicitur
1458 2137 1513 2170 YE
1534 2137 1699 2169 smmum
1720 2146 1793 2168 cum

306 2210 455 2243 omnibus
472 2211 689 2253 pertinenciis.
739 2210 929 2243 Tenendum
946 2214 977 2243 et
992 2210 1175 2243 habendam
1196 2211 1236 2242 do
1258 2220 1309 2241 me
1333 2211 1365 2241 et
1385 2207 1556 2240 heredibus
1577 2207 1656 2239 meis
1677 2205 1737 2238 sibi
1761 2207 1793 2238 et

306 2280 422 2322 quibus
451 2292 521 2312 cam
546 2280 710 2323 assignare
732 2281 869 2313 voluerit
894 2283 926 2312 ct
949 2280 1186 2323 assignatorum
1216 2278 1388 2321 assignatis
1411 2277 1510 2309 libere
1534 2276 1640 2318 quiete
1665 2275 1793 2317 pacifico
