1998 2724
1560 164 1621 196 551

191 326 413 358 sideraverunt
428 323 514 366 quod
529 323 635 354 dictus
651 322 692 354 R.
710 322 859 354 SYWARD
875 323 976 354 dictos
992 322 1138 354 homines
1153 322 1231 354 dicti
1252 321 1402 353 Hownm
1419 322 1550 353 reddere
1572 321 1667 353 debet

189 397 222 426 et
240 394 345 426 dictus
365 392 501 424 HoWEL
520 391 645 424 dictum
668 390 705 423 T.
729 392 769 423 de
793 391 992 423 HODENAOH
1014 394 1045 424 et
1066 402 1156 423 arma
1177 402 1235 423 sua
1254 396 1285 423 et
1308 390 1425 422 catalla
1444 390 1619 422 deliberare
1636 393 1667 422 et

189 463 322 496 reddere
338 461 433 494 debet
449 487 455 492 .
474 471 571 503 quam
588 460 877 492 consideracionem
894 461 1066 493 vicecomes
1082 461 1234 493 concessit
1256 471 1312 503 pro
1329 460 1444 492 comite
1461 460 1546 502 quod
1562 459 1667 491 dictus

189 532 325 564 Howni
348 543 388 563 ex
409 533 500 573 parte
523 541 581 562 sua
603 529 690 561 idem
714 530 875 561 concessit.
923 529 980 561 Set
1000 530 1105 562 dictus
1126 529 1302 561 Rmuums
1321 528 1470 562 SYWARD
1486 528 1570 560 illud
1593 539 1666 560 con-

188 600 325 633 tradixit
340 600 475 632 dicendo
492 599 579 641 quod.
595 599 696 630 dictos
711 597 858 630 homines
878 599 1010 630 reddere
1025 598 1131 630 noluit
1152 610 1210 630 nec
1231 598 1406 630 deliberare
1422 600 1453 629 et
1475 598 1561 639 quod
1585 597 1668 628 nihil

189 669 304 702 habuit
335 668 454 711 agendi
484 668 524 700 de
555 667 679 710 treugis
702 667 827 699 comitis
857 670 888 699 et
920 669 1005 709 quod
1034 661 1117 700 nihss'
1139 667 1254 699 habuit
1280 668 1444 710 agendum
1475 667 1514 698 de
1545 666 1668 708 treugis

190 738 325 777 comitis,
367 739 399 770 et
439 738 525 779 quod.
565 736 752 768 nullatenus
784 739 933 779 treugam
962 737 1053 768 illam
1086 737 1189 768 voluit
1226 739 1343 768 tencre.
1396 735 1496 768 Unde
1527 747 1583 778 per
1610 734 1669 766 hoe

191 807 304 850 incipit
346 817 497 849 guerram
534 806 633 838 talem
671 806 706 838 in
743 817 807 848 qua
845 806 931 837 idem
967 805 1141 838 Rmfflnns
1175 805 1324 838 SYWARD
1361 805 1443 838 sicut
1480 805 1608 836 felonus
1639 806 1670 835 et

191 877 328 909 felonice
360 879 391 908 et
428 876 577 907 seductus
614 875 680 907 fuit
710 875 983 907 consentientibus
1014 875 1099 906 dicto
1130 875 1286 906 Hownro
1320 879 1352 906 et
1386 874 1571 906 hominibus
1606 873 1672 905 suis

192 945 331 978 inimicis
369 945 493 977 comitis
530 948 562 976 et
600 947 749 986 treugam
788 944 902 976 habuit
940 955 1011 975 cum
1051 945 1181 975 domino
1213 943 1348 975 HowssL
1378 943 1465 975 infra
1497 943 1667 974 mortalem

185 1026 337 1058 guerram
376 1014 509 1046 comitis.
571 1013 618 1045 Et
654 1013 714 1045 hoc
752 1015 819 1045 siue
851 1025 981 1045 assensu
1011 1016 1041 1045 et
1067 1013 1198 1045 consilio
1231 1013 1355 1045 comitis
1388 1013 1439 1044 vel
1477 1012 1671 1044 ballivorum

193 1095 324 1116 suorum
340 1084 426 1126 quod
442 1083 549 1125 patuit
564 1095 640 1115 nam
656 1083 761 1115 dictus
778 1094 882 1115 comes
898 1095 955 1114 nec
972 1082 1159 1125 garnisones
1169 1087 1345 1114 castrorum
1357 1094 1487 1113 suorum
1499 1082 1618 1113 scilicet
1633 1081 1674 1112 de

195 1153 299 1185 K1D1s
311 1154 392 1185 etde
405 1153 477 1184 aliis
492 1153 602 1185 castris
618 1153 683 1184 suis
698 1152 823 1184 nullam
838 1154 988 1194 poterant
1000 1152 1045 1183 ire
1059 1152 1292 1193 equitaoionem
1305 1164 1311 1190 ;
1336 1153 1384 1183 set
1399 1151 1521 1183 dictum
1538 1150 1673 1182 HOWEL

194 1223 274 1265 quin
290 1223 395 1254 dictus
411 1222 586 1254 Rmsmms
602 1221 751 1254 SYWARD
768 1222 824 1263 qui
840 1222 879 1253 de
896 1221 1027 1253 consilio
1038 1221 1162 1253 comitis
1174 1221 1239 1252 fuit
1255 1221 1335 1252 sicut
1347 1221 1494 1252 seductor
1505 1224 1535 1251 et
1546 1220 1673 1251 felonus

195 1296 226 1324 et
258 1292 394 1324 felonice
424 1303 481 1334 per
511 1303 543 1323 se
574 1294 605 1323 et
636 1303 693 1333 por
723 1290 870 1322 homines
901 1302 973 1321 suos
1003 1290 1187 1332 premunire
1217 1289 1343 1321 fecisset
1375 1289 1497 1321 dictum
1536 1288 1670 1320 Howm,

196 1364 228 1394 et
268 1361 414 1393 homines
453 1372 525 1393 suos
565 1362 676 1392 contra
718 1360 815 1392 fidem
855 1362 888 1391 et
925 1371 1035 1400 pacem
1075 1359 1200 1391 comitis
1231 1361 1263 1390 et
1293 1358 1483 1401 homagium
1522 1359 1608 1400 quod
1647 1358 1677 1390 ei

196 1430 315 1462 fecerat
342 1432 374 1462 et
397 1430 455 1462 hoc
477 1430 614 1462 felonice
637 1430 713 1461 fecit
735 1432 767 1461 et
790 1429 973 1472 procuravit
995 1429 1037 1460 ad
1063 1427 1383 1471 [ex]heredacionem
1417 1428 1541 1460 comitis
1572 1430 1604 1460 et
1635 1428 1676 1459 ad

196 1500 352 1531 damnum
368 1501 399 1531 et
414 1498 604 1541 hurtagium
620 1499 721 1540 ipsius
736 1502 767 1530 et
784 1498 954 1530 hominum
971 1509 1101 1529 suorum
1118 1501 1150 1528 et
1173 1500 1330 1528 terrarum
1347 1508 1478 1529 suarum
1501 1498 1543 1528 ad
1567 1498 1674 1529 valen-

195 1569 278 1600 ciam
294 1568 383 1599 mille
400 1567 555 1600 librarum
571 1568 800 1610 sterlingorum
817 1570 848 1598 et
865 1567 1003 1609 amplius
1020 1566 1088 1598 sive
1104 1568 1206 1598 morte
1222 1566 1395 1608 proborum
1420 1566 1561 1598 virorum
1578 1569 1614 1598 ut
1637 1567 1676 1598 de

197 1637 328 1670 domino
352 1637 544 1669 HERBERTO
562 1637 629 1669 filio
648 1637 815 1669 MATHELI
837 1638 869 1668 et
894 1637 934 1668 de
956 1636 1068 1668 multis
1087 1636 1158 1667 aliis
1183 1636 1248 1667 sive
1271 1635 1490 1667 combustione
1516 1640 1675 1667 terrarum

196 1717 336 1739 suarum.
383 1706 429 1737 Et
446 1706 471 1738 si
487 1706 648 1748 predictus
664 1705 840 1738 thARDUs
863 1705 938 1737 talis
961 1708 1041 1737 esset
1066 1706 1151 1747 quod
1167 1705 1250 1737 hanc
1266 1704 1437 1736 felonicam
1453 1704 1674 1737 seduccionem

197 1776 370 1808 defendere
386 1775 483 1807 vellet
498 1775 703 1807 STEPHANUS
719 1775 876 1807 ΒΑΗΟΕΝ*1
895 1775 987 1806 miles
1002 1778 1035 1806 et
1050 1775 1146 1806 homo
1159 1774 1284 1806 comitis
1295 1776 1426 1816 paratus
1439 1779 1486 1805 est
1496 1786 1552 1815 per
1564 1785 1677 1815 corpus

197 1856 292 1877 suum
307 1845 389 1876 sicut
401 1844 535 1876 audiens
550 1847 582 1876 et
592 1844 704 1876 videns
720 1845 761 1876 ad
771 1844 1053 1876 disracionandum
1064 1855 1172 1875 versus
1182 1844 1305 1875 dictum
1319 1843 1505 1875 RICARDUM
1523 1843 1673 1875 Suum>

197 1916 278 1947 sicut
294 1925 402 1946 versus
418 1914 555 1945 felonem
571 1917 603 1945 et
619 1914 818 1946 seductorem
833 1925 890 1956 per
907 1925 1001 1946 omne
1017 1914 1102 1955 quod
1118 1924 1222 1945 comes
1238 1913 1453 1945 consideraret
1468 1913 1555 1955 quod
1570 1912 1674 1944 facere

195 1984 324 2017 debent,
369 1982 416 2015 Et
431 1983 457 2015 si
474 1982 556 2015 forte
572 1983 776 2025 contingeret
791 1984 877 2025 quod
896 1983 1002 2015 dictus
1022 1982 1226 2014 STEPHANUS
1249 1981 1391 2014 BAUCEN
1404 1981 1464 2013 hoc
1486 1981 1591 2013 facere
1608 1992 1673 2013 non

195 2055 302 2096 posset
323 2064 381 2095 per
407 2063 520 2094 corpus
541 2051 664 2084 domini
685 2051 812 2084 ΤΗΟΜΕ
834 2053 874 2084 de
895 2052 1012 2084 BELLo
1038 2051 1090 2084 vel
1114 2063 1171 2093 per
1202 2051 1303 2083 alium
1333 2051 1543 2083 sufficientem
1567 2061 1674 2082 versus

199 2123 322 2154 dictum
354 2120 541 2153 RmAmmM
573 2119 723 2152 SYWARD
749 2132 853 2153 comes
874 2121 958 2153 illud
981 2120 1140 2163 probaret.
1184 2119 1230 2152 Et
1251 2120 1291 2152 de
1314 2120 1373 2152 hoc
1396 2119 1522 2152 invenit
1551 2119 1675 2162 plegios

195 2192 236 2223 ad
251 2190 510 2233 prosequendum
533 2190 652 2222 scilicet
675 2189 885 2223 WALTERUM
909 2190 948 2221 dc
972 2189 1102 2222 SULLIA
1125 2189 1332 2222 GILBERTUM
1348 2190 1388 2221 de
1404 2188 1618 2220 UMFRAVILI.
1642 2191 1673 2220 et

193 2259 216 2293 J
217 2270 389 2292 OHANNEM
404 2259 444 2291 de
460 2258 588 2292 Rmm.
