1998 2724
383 181 446 212 680

337 336 494 369 dioceseos
510 336 561 368 vel
576 336 610 368 in
626 336 694 368 loco
711 334 897 378 proximiori
913 333 1023 366 domui
1039 344 1094 365 sue
1111 358 1117 364 .
1135 332 1181 365 Et
1198 358 1204 364 .
1224 357 1231 364 .
1248 344 1275 365 a.
1293 335 1326 365 et
1341 344 1366 366 c.
1383 334 1424 366 de
1440 333 1478 366 Τ.
1495 334 1529 366 in
1545 334 1614 367 loco
1629 335 1739 368 domui
1755 346 1811 368 sue

337 406 524 448 proximiori
547 408 643 437 testes
659 416 731 437 suos
749 404 920 447 producere
944 402 1175 435 examinandos
1190 401 1310 434 ibidem
1325 403 1501 435 secundum
1518 404 1603 445 quod
1619 403 1709 436 vobis
1726 405 1811 438 vide-

339 474 427 507 bitur
450 475 609 517 expedire.
658 473 744 506 Item
759 473 931 505 voluerunt
947 474 979 504 et
994 473 1224 504 consenserunt
1239 482 1384 513 expresse
1399 473 1485 514 quod
1502 483 1529 504 a.
1548 474 1580 505 et
1595 484 1619 505 c.
1638 473 1677 505 de
1693 473 1740 505 M.
1758 485 1814 506 vos

373 569 378 575 .
403 543 624 576 archidiacone
653 543 692 574 de
715 541 932 574 KERMERDIN
956 551 1052 583 quem
1074 551 1132 582 pro
1155 551 1187 572 se
1211 540 1378 583 elegenmt
1400 541 1442 572 ad
1465 541 1588 573 dictum
1611 541 1717 574 locum
1741 553 1813 575 cum

341 613 406 645 suis
434 615 467 645 et
491 638 497 643 .
536 639 542 644 .
567 623 594 644 a.
620 615 651 644 et
675 623 700 643 c.
726 612 765 643 de
793 610 831 643 Τ.
858 621 913 642 vos
945 636 951 641 .
989 635 995 641 .
1027 609 1248 641 archidiacone
1276 608 1538 642 WlGORNIENSIS
1569 621 1665 652 quem
1695 622 1752 653 pro
1782 623 1814 644 se

335 682 502 724 elegerunt
518 682 552 713 in
568 681 634 713 suis
649 680 796 722 expensis
819 680 991 711 adducant.
1039 678 1106 711 Vos
1128 689 1202 711 vero
1227 704 1234 710 ,
1260 703 1267 710 .
1293 679 1410 711 decane
1427 678 1611 712 WELENSIS
1634 691 1730 722 quem
1752 692 1810 723 pro

337 751 432 783 tertio
458 762 516 783 nos
542 751 583 782 ad
609 749 798 782 instantiam
819 750 851 780 et
875 749 914 780 de
939 759 1093 780 consensu
1118 750 1359 790 procuratorum
1380 748 1522 790 ipsorum
1544 749 1753 782 concessimus
1775 750 1810 782 in

338 819 561 852 communibus
577 819 724 862 expensis
739 818 881 860 partium
897 817 1034 849 veniatis
1049 817 1090 849 ad
1106 817 1212 849 locum
1228 817 1407 859 predictum
1432 843 1438 849 .
1464 817 1499 850 Si
1522 829 1596 850 vero
1619 819 1721 850 altera
1738 830 1812 861 pars

337 900 392 921 vos
416 889 461 921 ibi
487 889 522 921 in
547 888 611 921 suis
635 887 782 929 expensis
805 886 979 918 adduxerit
1000 886 1124 928 reliqua
1149 897 1223 928 pars
1245 888 1371 928 partem
1396 898 1609 929 expensarum
1631 899 1663 920 se
1687 888 1810 920 contin-

337 961 467 1000 gentem
495 958 535 990 de
566 958 662 999 plano
692 959 724 988 et
755 957 823 988 sine
855 955 1105 988 contradictione
1136 966 1172 987 ac
1205 955 1274 987 sine
1303 955 1491 987 difficultate
1522 955 1582 988 sibi
1612 957 1771 998 persolvat
1804 983 1809 988 .

336 1027 531 1059 ordinationi
558 1028 660 1058 vestre
692 1037 724 1058 se
755 1036 849 1067 super
878 1025 941 1056 hiis
971 1026 1195 1066 supponentes.
1244 1023 1472 1056 Convenerunt
1499 1024 1598 1057 etiam
1622 1028 1654 1057 et
1681 1036 1810 1058 consen·

337 1100 447 1128 serunt
463 1107 609 1138 expresse
625 1098 843 1137 procuratores
860 1093 994 1136 predicti
1018 1093 1104 1135 quod
1118 1104 1174 1125 vos
1190 1093 1240 1125 vel
1256 1093 1319 1125 duo
1336 1096 1477 1126 vestrum
1492 1093 1578 1125 infra
1593 1094 1673 1126 duos
1687 1105 1812 1127 menses

337 1177 356 1198 a
370 1169 513 1207 tempore
536 1164 782 1207 presentationis
796 1163 1041 1206 apostolicarum
1062 1162 1244 1194 litterarum
1259 1173 1320 1203 que
1336 1161 1426 1194 vobis
1442 1173 1536 1204 super
1551 1162 1610 1195 hoc
1625 1162 1812 1206 diriguntur

336 1235 509 1277 positiones
531 1234 673 1276 partium
697 1232 858 1275 recipiatis
881 1242 913 1264 et,
937 1231 1157 1274 responsiones
1181 1231 1221 1263 ad
1245 1242 1298 1263 eas
1322 1242 1359 1263 ac
1381 1231 1498 1263 abinde
1521 1231 1608 1263 infra
1631 1232 1710 1264 alios
1732 1233 1812 1265 duos

337 1315 462 1336 menses
477 1303 653 1336 inmediate
676 1306 845 1344 sequentes
859 1303 957 1333 testes
972 1300 1139 1342 utriusque
1154 1300 1255 1342 partis
1278 1303 1308 1332 et
1325 1300 1540 1332 instrumenta
1556 1312 1650 1343 super
1670 1301 1813 1334 articulis

337 1374 392 1416 qui
416 1385 522 1406 coram
545 1372 634 1405 vobis
650 1372 772 1404 fuerint
787 1370 863 1403 hinc
879 1371 954 1403 inde
969 1370 1101 1402 formati
1116 1380 1173 1412 per
1188 1380 1243 1401 vos
1258 1372 1315 1401 aut
1333 1369 1411 1401 alios
1427 1369 1533 1401 neutri
1550 1369 1635 1411 parti
1651 1373 1812 1412 suspectos

337 1443 512 1485 prudenter
537 1441 653 1474 curetis
680 1441 819 1483 recipere
845 1451 881 1472 ac
908 1441 1005 1472 testes
1028 1439 1113 1482 ipsos
1140 1439 1236 1481 juxta
1262 1438 1507 1481 interrogatoria
1531 1438 1620 1471 vobis
1636 1451 1655 1471 a
1669 1439 1814 1482 partibus

338 1511 520 1543 exhibenda
535 1511 561 1543 si
577 1521 614 1542 ea
631 1509 780 1543 exhibere
797 1509 957 1542 voluerint
972 1508 1114 1551 alioquin
1131 1507 1227 1550 juxta
1243 1508 1352 1540 datam
1368 1518 1387 1539 a
1410 1507 1480 1540 Deo
1496 1507 1584 1540 vobis
1607 1509 1814 1550 prudentiam

336 1581 509 1622 diligenter
541 1579 724 1612 examinare
749 1578 873 1610 curetis.
921 1577 1017 1613 Quod
1044 1577 1070 1609 si
1094 1577 1177 1609 forte
1210 1577 1365 1609 alterutra
1392 1577 1535 1619 partium
1559 1580 1655 1610 testes
1682 1578 1814 1610 alterius

338 1649 476 1681 voluerit
491 1648 660 1691 reprobare
675 1659 731 1680 vos
755 1647 834 1679 alios
849 1649 944 1679 testes
961 1646 1016 1689 qui
1032 1657 1127 1688 super
1146 1645 1367 1688 reprobatione
1383 1645 1482 1688 hujus
1498 1647 1585 1679 modi
1601 1647 1723 1679 fuerint
1739 1647 1813 1679 hinc

338 1722 369 1750 ct
394 1720 468 1750 inde
492 1718 638 1760 producti
663 1717 747 1749 infra
772 1727 874 1760 unum
891 1716 990 1748 alium
1013 1726 1155 1748 mensem
1180 1715 1331 1757 predictis
1346 1717 1484 1757 quatuor
1506 1715 1596 1748 nullo
1618 1716 1724 1748 medio
1739 1716 1812 1749 sub-

341 1791 525 1830 sequentem
558 1787 717 1828 sstpieuter
748 1786 917 1817 admittere
945 1796 980 1816 ac
1008 1785 1191 1817 examinare
1218 1784 1352 1816 sollicite
1379 1785 1534 1817 studeatis
1558 1811 1564 1816 .
1589 1784 1815 1827 Depositiones

338 1860 446 1889 autem
468 1856 611 1888 omnium
631 1855 761 1887 testium
777 1855 993 1897 predictorum
1014 1865 1050 1885 ac
1070 1853 1243 1896 positiones
1264 1853 1451 1895 hujusmodi
1468 1856 1499 1885 et
1514 1854 1718 1896 responsione
1734 1867 1812 1898 quas

339 1927 379 1958 ad
397 1938 448 1957 eas
465 1926 533 1957 fieri
549 1925 720 1967 contigerit
735 1935 858 1956 necnon
875 1924 1027 1955 articulos
1043 1923 1242 1965 supradictos
1264 1925 1296 1954 et
1312 1925 1416 1954 totum
1440 1934 1620 1965 processum
1636 1924 1691 1966 qui
1707 1935 1812 1957 coram

340 1994 429 2027 vobis
444 1993 573 2026 habitus
590 1993 687 2025 fucrit
703 1992 840 2024 fideliter
856 1992 889 2024 in
913 1992 1038 2034 scriptis
1052 1991 1157 2034 redigi
1174 1990 1327 2023 facientes
1343 1993 1375 2023 et
1391 2001 1463 2023 oum
1479 1992 1678 2034 transcriptis
1693 1992 1812 2025 instru-

340 2066 522 2096 mentorum
541 2063 683 2104 ipsorum
707 2073 742 2093 ac
766 2061 1020 2104 interrogatoriis
1044 2060 1234 2103 supradictis
1257 2059 1316 2092 sub
1338 2060 1451 2092 vestris
1474 2060 1589 2103 sigillis
1611 2061 1750 2093 inclusas
1771 2062 1813 2094 ad

340 2133 446 2164 sedem
463 2131 670 2173 apostolicum
693 2130 920 2162 transmittatis
937 2130 1155 2172 significantes
1172 2140 1234 2171 que
1257 2132 1285 2160 et
1304 2132 1426 2171 quanta
1442 2129 1520 2161 fides
1535 2129 1575 2161 sit
1591 2129 1814 2163 instrumentis

339 2201 526 2243 hujusmodi
543 2200 725 2232 adhibenda
742 2200 863 2242 prefixo
879 2199 1024 2241 partibus
1038 2199 1116 2241 ipsis
1132 2198 1270 2230 termino
1291 2197 1525 2240 perhemptorie
1541 2199 1734 2241 competenti
1750 2210 1813 2241 quo

339 2282 394 2312 per
417 2272 634 2312 proouratores
649 2269 792 2311 ydoneos
807 2280 880 2301 cum
904 2268 1052 2300 omnibus
1073 2268 1152 2299 actis
1167 2267 1378 2299 munimentis
1393 2270 1425 2299 et
1440 2266 1618 2299 rationibus
1633 2268 1697 2299 suis
1712 2267 1813 2300 dietas
