1998 2724
1549 152 1612 183 299

833 336 994 369 OOXOV.

169 418 333 452 GRANT
371 418 437 451 BY
483 417 698 458 MORGAN,
739 417 827 451 SON
867 418 926 451 OF
970 417 1199 457 OARADOC,
1239 417 1296 450 ΤΟ
1335 416 1557 458 MARGAM,
1596 417 1655 450 OF

568 486 702 519 LAND
740 487 803 519 AT
840 486 1145 527 NEWOASTLE,
1184 486 1262 518 Ere.

713 568 888 611 [MARGAM
912 568 1107 612 CHARTER]
1512 570 1606 602 1205.

212 651 372 684 Omnibus
403 651 519 684 Sancte
549 651 662 683 matris
692 651 820 683 ecclesie
850 651 926 683 filiis
955 663 986 694 p.
1019 662 1046 682 e:
1079 651 1104 682 f.
1137 651 1331 683 MORGANUS
1362 651 1449 684 filius
1479 652 1651 684 CARAnom

167 720 314 753 salutem.

211 790 326 822 Sciatis
351 801 403 822 me
431 789 618 822 concessisse
642 792 675 821 et
700 789 824 822 dedisse
851 793 884 821 et
910 789 970 822 hac
994 792 1082 822 carta
1105 790 1308 822 confirmasse
1333 790 1375 823 D.
1399 802 1424 823 e.
1443 802 1469 823 e.
1488 791 1527 824 B.
1545 791 1593 824 M.
1610 792 1650 824 de

167 859 322 892 MARGAN
354 862 386 892 et
412 870 454 891 m.
487 859 507 891 i.
540 859 582 891 D.
612 871 635 891 s.
658 859 693 891 in
720 858 961 891 feudo-firmam
990 862 1093 892 totam
1117 863 1235 892 terram
1267 862 1299 892 et
1325 862 1455 903 pratum
1482 860 1567 893 infra
1593 861 1651 894 hos

168 929 322 961 terminos
347 954 353 961 .
378 928 498 961 scilicet
518 940 537 960 a
558 933 643 960 terra
667 939 767 971 quam
788 928 937 960 monachi
958 928 1080 961 habent
1099 929 1139 961 de
1161 928 1304 961 PAGANo
1328 930 1369 962 de
1390 929 1650 963 TURBEREWILE

167 998 249 1031 sicut
286 998 410 1030 rivulus
446 998 503 1040 qui
544 997 663 1030 dicitur
702 997 901 1031 WITHEREL
941 998 1032 1030 vadit
1062 999 1104 1030 ad
1139 1010 1294 1041 magnam
1324 999 1410 1031 viam
1440 1011 1503 1042 que
1533 1001 1651 1033 dicitur

168 1067 372 1099 GRENEWEI.
449 1067 496 1099 Et
538 1068 620 1099 sicut
657 1068 770 1099 eadem
807 1067 859 1099 via
893 1067 982 1099 vadit
1012 1068 1052 1099 ad
1084 1072 1203 1099 terram
1239 1068 1418 1100 ScmszE
1444 1081 1505 1111 que
1533 1070 1651 1103 dicitur

170 1136 452 1168 CROKERErrxLLE.
512 1135 663 1168 Preterea
695 1140 820 1178 partem
852 1147 939 1168 more
970 1148 988 1168 a
1019 1137 1123 1169 rivulo
1154 1137 1210 1179 qui
1241 1138 1405 1170 descendit
1435 1139 1475 1170 de
1502 1138 1651 1171 TREIKIC

167 1205 302 1238 ultimus
325 1216 435 1237 versus
458 1205 655 1237 occidentem
681 1217 781 1248 usque
805 1206 846 1237 ad
870 1206 1024 1238 terminos
1046 1209 1129 1239 terre
1152 1206 1343 1239 SCURLAGE.
1390 1207 1436 1240 Et
1457 1209 1534 1241 inde
1549 1221 1651 1252 usque

165 1275 209 1306 ad
222 1274 365 1307 rivulum
382 1274 438 1317 qui
454 1274 618 1307 descendit
633 1275 673 1307 de
689 1274 839 1307 'ramme
849 1286 958 1307 versus
968 1275 1134 1308 orientem.
1181 1275 1227 1308 Et
1242 1277 1317 1308 inde
1330 1288 1430 1319 usque
1441 1278 1481 1310 ad
1493 1289 1651 1321 magnum

167 1343 309 1386 lapidem
333 1355 374 1376 ex
398 1343 470 1376 hest
500 1344 563 1385 (for
592 1345 647 1383 est)
682 1347 774 1386 parte
798 1344 904 1377 rivuli.
952 1344 998 1376 Et
1021 1345 1097 1377 inde
1119 1357 1220 1387 usque
1240 1347 1283 1378 ad
1309 1347 1479 1380 dumetum
1510 1350 1650 1381 ALTER-

169 1424 284 1445 RELIN.
331 1413 378 1445 Et
393 1425 413 1445 a
428 1413 533 1446 rivulo
549 1425 590 1445 ex
605 1413 678 1446 hest
696 1413 761 1455 (for
776 1414 832 1455 est)
852 1416 942 1456 parte
958 1415 998 1447 de
1014 1414 1226 1446 REDEFORDE
1243 1426 1343 1458 usque
1359 1417 1401 1448 ad
1414 1416 1559 1450 TORRES.
1606 1418 1652 1451 Et

161 1493 203 1514 ex
218 1482 315 1515 north
330 1482 370 1514 de
385 1482 419 1514 la
433 1494 522 1515 more
538 1494 639 1525 usque
654 1483 696 1515 ad
714 1485 834 1515 terram
849 1483 1005 1516 arabilem
1021 1484 1134 1516 subtus
1159 1484 1317 1517 TREnssc.
1380 1486 1453 1519 Hec
1469 1488 1577 1520 omnia
1587 1500 1647 1531 ego

167 1550 362 1583 MORGANUS
386 1551 635 1584 concedentibus
657 1552 732 1584 filiis
755 1552 834 1584 meis
857 1552 989 1584 Lfflssx
1013 1556 1045 1584 et
1069 1552 1192 1585 OWEIN
1213 1556 1244 1585 et
1260 1555 1409 1587 omnibus
1424 1556 1497 1588 aliis
1512 1557 1650 1589 concessi

167 1620 318 1662 predictis
339 1621 504 1653 monachis
524 1621 674 1654 habenda
694 1624 727 1654 et
751 1624 893 1655 tenenda
912 1623 945 1654 in
967 1626 1159 1665 perpetuum
1183 1624 1222 1655 de
1246 1635 1298 1656 me
1321 1627 1354 1657 et
1376 1624 1547 1658 heredibus
1569 1627 1648 1658 meis

162 1689 328 1721 reddendo
350 1690 521 1722 annuatim
545 1702 602 1733 pro
628 1691 716 1723 omni
742 1692 873 1724 servicio
899 1692 1130 1724 consuetudine
1155 1695 1187 1725 et
1211 1693 1377 1726 exactione
1400 1695 1509 1727 decem
1530 1695 1647 1728 soiidos

165 1760 295 1789 tantum
313 1783 319 1789 .
337 1759 379 1790 ad
395 1758 517 1791 festum
532 1758 643 1792 Sancti
658 1760 866 1792 MICHAELis.
916 1761 969 1793 Ex
993 1761 1110 1803 quibus
1133 1773 1189 1804 pre
1208 1762 1358 1795 manibus
1381 1764 1487 1805 accepi
1501 1765 1647 1797 redditus

166 1826 310 1868 quinque
325 1838 485 1860 annorum
501 1839 586 1860 anno
602 1828 643 1861 ab
658 1829 879 1862 incarnatione
895 1830 1031 1862 Domini
1047 1837 1094 1862 M0·
1113 1836 1166 1862 00⁰·
1185 1837 1226 1862 v0·

209 1894 356 1927 Concessi
371 1896 470 1928 etiam
486 1897 531 1929 eis
547 1897 736 1930 aisiamenta
752 1902 835 1930 terre
850 1911 920 1931 mee
936 1900 1023 1942 apud
1036 1899 1166 1931 Novum
1184 1900 1386 1933 CAs'ri-:LLUM
1402 1902 1437 1933 in
1453 1901 1546 1934 bosco
1562 1906 1595 1935 et
1610 1903 1644 1934 in

162 1964 261 2006 plano
280 1965 315 1996 in
334 1965 431 1996 moris
453 1966 488 1997 in
510 1967 649 2008 pasturis
668 1968 702 1999 in
726 1979 826 2010 aquas
846 1968 881 2000 in
901 1969 1022 2000 semitis
1044 1969 1079 2000 in
1104 1969 1173 2001 viis.
1221 1969 1267 2002 Et
1288 1974 1433 2012 preterea
1448 1975 1566 2004 terram
1583 1983 1644 2014 que

162 2032 228 2065 fuit
251 2032 422 2066 WALTERI
446 2033 606 2067 LAGELES
624 2037 801 2069 tenendam
822 2037 862 2069 de
883 2049 934 2069 me
956 2040 987 2070 et
1012 2038 1186 2070 heredibus
1201 2039 1281 2071 meis
1297 2051 1354 2082 per
1369 2041 1505 2072 eandem
1520 2041 1647 2073 firmam

162 2113 260 2143 quam
280 2103 413 2135 reddere
437 2103 582 2136 solebant
603 2104 799 2138 WILLELMO
822 2107 932 2138 comiti
954 2133 960 2138 .
986 2107 1105 2139 scilicet
1121 2109 1191 2140 octo
1207 2108 1324 2141 solidos
1340 2113 1372 2141 et
1389 2115 1478 2141 111J0¹·
1500 2110 1647 2142 denarios

159 2170 202 2202 ad
227 2177 303 2202 11³⁰*
323 2173 478 2204 terminos
502 2174 589 2205 anni.
638 2174 684 2206 Et
710 2175 879 2207 sciendum
903 2177 989 2218 quod
1008 2188 1068 2219 ego
1089 2180 1121 2209 et
1142 2177 1201 2209 filii
1224 2179 1288 2210 mei
1310 2178 1492 2220 juravimus
1514 2191 1573 2211 nos
1589 2180 1646 2211 hec

161 2239 270 2271 omnia
295 2240 434 2273 fideliter
460 2244 494 2273 et
517 2241 637 2285 absque
665 2244 739 2275 dolo
763 2248 948 2277 servaturos
974 2246 1008 2277 in
1036 2250 1237 2288 perpetuum.
1297 2247 1370 2280 Hec
1396 2248 1504 2280 onmia
1531 2260 1591 2290 ego
1618 2252 1650 2280 et
