<?xml version="1.0" encoding="UTF-8"?>
<!DOCTYPE html PUBLIC "-//W3C//DTD XHTML 1.0 Transitional//EN"
    "http://www.w3.org/TR/xhtml1/DTD/xhtml1-transitional.dtd">
<html xmlns="http://www.w3.org/1999/xhtml" xml:lang="en" lang="en">
 <head>
  <title>
</title>
<meta http-equiv="Content-Type" content="text/html;charset=utf-8" />
  <meta name='ocr-system' content='tesseract 3.04.00' />
  <meta name='ocr-capabilities' content='ocr_page ocr_carea ocr_par ocr_line ocrx_word'/>
</head>
<body>
  <div class='ocr_page' id='page_1' title='image "./cartaeetaliamuni02claruoft_0031.png"; bbox 0 0 1998 2724; ppageno 0'>
   <div class='ocr_carea' id='block_1_1' title="bbox 1544 160 1609 192">
    <p class='ocr_par' dir='ltr' id='par_1_1' title="bbox 1544 160 1609 192">
     <span class='ocr_line' id='line_1_1' title="bbox 1544 160 1609 192; baseline 0 -1"><span class='ocrx_word' id='word_1_1' title='bbox 1544 160 1609 192; x_wconf 81' lang='lat'>247</span> 
     </span>
    </p>
   </div>
   <div class='ocr_carea' id='block_1_2' title="bbox 166 316 1664 987">
    <p class='ocr_par' dir='ltr' id='par_1_2' title="bbox 166 316 1664 987">
     <span class='ocr_line' id='line_1_2' title="bbox 166 316 1653 363; baseline -0.002 -10"><span class='ocrx_word' id='word_1_2' title='bbox 166 323 200 354; x_wconf 90' lang='lat' dir='ltr'>et</span> <span class='ocrx_word' id='word_1_3' title='bbox 215 320 379 363; x_wconf 81' lang='lat' dir='ltr'>abjurasse</span> <span class='ocrx_word' id='word_1_4' title='bbox 405 322 437 352; x_wconf 90' lang='lat' dir='ltr'>et</span> <span class='ocrx_word' id='word_1_5' title='bbox 463 319 523 351; x_wconf 88' lang='lat' dir='ltr'>hac</span> <span class='ocrx_word' id='word_1_6' title='bbox 543 319 685 361; x_wconf 80' lang='lat' dir='ltr'>presenti</span> <span class='ocrx_word' id='word_1_7' title='bbox 703 321 791 350; x_wconf 84' lang='lat' dir='ltr'>carta</span> <span class='ocrx_word' id='word_1_8' title='bbox 813 318 1016 350; x_wconf 86' lang='lat' dir='ltr'>confirmasse</span> <span class='ocrx_word' id='word_1_9' title='bbox 1039 316 1110 349; x_wconf 93' lang='lat' dir='ltr'>Deo</span> <span class='ocrx_word' id='word_1_10' title='bbox 1134 320 1167 350; x_wconf 87' lang='lat' dir='ltr'>et</span> <span class='ocrx_word' id='word_1_11' title='bbox 1190 317 1319 349; x_wconf 85' lang='lat' dir='ltr'>ecclesie</span> <span class='ocrx_word' id='word_1_12' title='bbox 1344 317 1437 350; x_wconf 85' lang='lat' dir='ltr'>beate</span> <span class='ocrx_word' id='word_1_13' title='bbox 1465 318 1586 350; x_wconf 64' lang='lat' dir='ltr'>Mnus</span> <span class='ocrx_word' id='word_1_14' title='bbox 1613 319 1653 350; x_wconf 89' lang='lat' dir='ltr'>de</span> 
     </span>
     <span class='ocr_line' id='line_1_3' title="bbox 166 386 1655 429; baseline -0.001 -7"><span class='ocrx_word' id='word_1_15' title='bbox 166 390 327 423; x_wconf 74' lang='lat' dir='ltr'>MARGAM</span> <span class='ocrx_word' id='word_1_16' title='bbox 352 414 359 421; x_wconf 90' lang='lat'><strong>.</strong></span> <span class='ocrx_word' id='word_1_17' title='bbox 383 391 416 421; x_wconf 88' lang='lat' dir='ltr'>et</span> <span class='ocrx_word' id='word_1_18' title='bbox 438 387 603 420; x_wconf 87' lang='lat' dir='ltr'>monachis</span> <span class='ocrx_word' id='word_1_19' title='bbox 625 387 747 420; x_wconf 81' lang='lat' dir='ltr'>ibidem</span> <span class='ocrx_word' id='word_1_20' title='bbox 771 387 841 420; x_wconf 90' lang='lat' dir='ltr'>Deo</span> <span class='ocrx_word' id='word_1_21' title='bbox 864 386 1077 419; x_wconf 84' lang='lat' dir='ltr'>servientibus</span> <span class='ocrx_word' id='word_1_22' title='bbox 1100 388 1207 419; x_wconf 85' lang='lat' dir='ltr'>totum</span> <span class='ocrx_word' id='word_1_23' title='bbox 1234 386 1288 429; x_wconf 76' lang='lat' dir='ltr'>jus</span> <span class='ocrx_word' id='word_1_24' title='bbox 1316 389 1463 419; x_wconf 84' lang='lat' dir='ltr'>nostrum</span> <span class='ocrx_word' id='word_1_25' title='bbox 1490 390 1522 419; x_wconf 84' lang='lat' dir='ltr'>et</span> <span class='ocrx_word' id='word_1_26' title='bbox 1548 389 1655 420; x_wconf 86' lang='lat' dir='ltr'>totum</span> 
     </span>
     <span class='ocr_line' id='line_1_4' title="bbox 168 456 1657 501; baseline -0.002 -9"><span class='ocrx_word' id='word_1_27' title='bbox 168 460 321 493; x_wconf 82' lang='lat' dir='ltr'>clamium</span> <span class='ocrx_word' id='word_1_28' title='bbox 336 459 424 501; x_wconf 86' lang='lat' dir='ltr'>quod</span> <span class='ocrx_word' id='word_1_29' title='bbox 439 458 638 491; x_wconf 77' lang='lat' dir='ltr'><strong>habebamus</strong></span> <span class='ocrx_word' id='word_1_30' title='bbox 658 460 814 500; x_wconf 75' lang='lat' dir='ltr'><strong>tanquam</strong></span> <span class='ocrx_word' id='word_1_31' title='bbox 838 457 971 489; x_wconf 84' lang='lat' dir='ltr'>heredes</span> <span class='ocrx_word' id='word_1_32' title='bbox 995 456 1130 489; x_wconf 59' lang='lat' dir='ltr'>Romam</span> <span class='ocrx_word' id='word_1_33' title='bbox 1156 456 1242 489; x_wconf 72' lang='grc' dir='ltr'>ΚΑΜ</span> <span class='ocrx_word' id='word_1_34' title='bbox 1265 457 1366 499; x_wconf 86' lang='lat' dir='ltr'>patris</span> <span class='ocrx_word' id='word_1_35' title='bbox 1389 457 1490 489; x_wconf 84' lang='lat' dir='ltr'>nostri</span> <span class='ocrx_word' id='word_1_36' title='bbox 1513 457 1548 489; x_wconf 90' lang='lat' dir='ltr'>in</span> <span class='ocrx_word' id='word_1_37' title='bbox 1571 460 1657 490; x_wconf 63' lang='lat' dir='ltr'>tenu</span> 
     </span>
     <span class='ocr_line' id='line_1_5' title="bbox 170 526 1658 572; baseline -0.001 -10"><span class='ocrx_word' id='word_1_38' title='bbox 170 540 268 572; x_wconf 84' lang='lat' dir='ltr'>quam</span> <span class='ocrx_word' id='word_1_39' title='bbox 284 529 351 572; x_wconf 85' lang='lat' dir='ltr'>ipse</span> <span class='ocrx_word' id='word_1_40' title='bbox 367 528 473 561; x_wconf 87' lang='lat' dir='ltr'>tenuit</span> <span class='ocrx_word' id='word_1_41' title='bbox 497 528 536 560; x_wconf 91' lang='lat' dir='ltr'>de</span> <span class='ocrx_word' id='word_1_42' title='bbox 560 527 775 559; x_wconf 80' lang='lat' dir='ltr'><strong>TEMPLARHS</strong></span> <span class='ocrx_word' id='word_1_43' title='bbox 799 527 833 559; x_wconf 90' lang='lat' dir='ltr'>in</span> <span class='ocrx_word' id='word_1_44' title='bbox 858 527 954 559; x_wconf 83' lang='lat' dir='ltr'>feudo</span> <span class='ocrx_word' id='word_1_45' title='bbox 978 528 1017 559; x_wconf 86' lang='lat' dir='ltr'>de</span> <span class='ocrx_word' id='word_1_46' title='bbox 1041 526 1340 569; x_wconf 76' lang='lat' dir='ltr'>BONEVILEST[ON]</span> <span class='ocrx_word' id='word_1_47' title='bbox 1370 552 1375 558; x_wconf 90' lang='lat'>.</span> <span class='ocrx_word' id='word_1_48' title='bbox 1402 530 1438 559; x_wconf 90' lang='lat' dir='ltr'>ut</span> <span class='ocrx_word' id='word_1_49' title='bbox 1461 526 1603 559; x_wconf 83' lang='lat' dir='ltr'>habeant</span> <span class='ocrx_word' id='word_1_50' title='bbox 1625 529 1658 560; x_wconf 92' lang='lat' dir='ltr'>et</span> 
     </span>
     <span class='ocr_line' id='line_1_6' title="bbox 171 596 1660 638; baseline -0.001 -7"><span class='ocrx_word' id='word_1_51' title='bbox 171 602 305 632; x_wconf 78' lang='lat' dir='ltr'>teneant</span> <span class='ocrx_word' id='word_1_52' title='bbox 335 598 413 630; x_wconf 88' lang='lat' dir='ltr'>dicti</span> <span class='ocrx_word' id='word_1_53' title='bbox 443 597 592 630; x_wconf 85' lang='lat' dir='ltr'>monachi</span> <span class='ocrx_word' id='word_1_54' title='bbox 623 597 742 629; x_wconf 81' lang='lat' dir='ltr'>dictam</span> <span class='ocrx_word' id='word_1_55' title='bbox 774 599 892 629; x_wconf 81' lang='lat' dir='ltr'>terram</span> <span class='ocrx_word' id='word_1_56' title='bbox 923 596 1022 629; x_wconf 87' lang='lat' dir='ltr'>libere</span> <span class='ocrx_word' id='word_1_57' title='bbox 1053 596 1162 638; x_wconf 87' lang='lat' dir='ltr'>quiete</span> <span class='ocrx_word' id='word_1_58' title='bbox 1193 598 1225 628; x_wconf 87' lang='lat' dir='ltr'>et</span> <span class='ocrx_word' id='word_1_59' title='bbox 1255 596 1384 638; x_wconf 83' lang='lat' dir='ltr'>pacifice</span> <span class='ocrx_word' id='word_1_60' title='bbox 1416 607 1474 638; x_wconf 87' lang='lat' dir='ltr'>pro</span> <span class='ocrx_word' id='word_1_61' title='bbox 1504 596 1597 629; x_wconf 89' lang='lat' dir='ltr'>nobis</span> <span class='ocrx_word' id='word_1_62' title='bbox 1627 599 1660 629; x_wconf 82' lang='lat' dir='ltr'>et</span> 
     </span>
     <span class='ocr_line' id='line_1_7' title="bbox 172 665 1661 702; baseline -0.002 -1"><span class='ocrx_word' id='word_1_63' title='bbox 172 668 322 702; x_wconf 88' lang='lat' dir='ltr'>omnibus</span> <span class='ocrx_word' id='word_1_64' title='bbox 337 667 510 700; x_wconf 76' lang='lat' dir='ltr'>heredibus</span> <span class='ocrx_word' id='word_1_65' title='bbox 525 667 643 699; x_wconf 84' lang='lat' dir='ltr'>nostris</span> <span class='ocrx_word' id='word_1_66' title='bbox 659 667 740 698; x_wconf 85' lang='lat' dir='ltr'>sicut</span> <span class='ocrx_word' id='word_1_67' title='bbox 756 667 823 698; x_wconf 84' lang='lat' dir='ltr'>ulla</span> <span class='ocrx_word' id='word_1_68' title='bbox 838 666 1012 698; x_wconf 72' lang='lat' dir='ltr'>elemosina</span> <span class='ocrx_word' id='word_1_69' title='bbox 1028 666 1078 697; x_wconf 85' lang='lat' dir='ltr'>vel</span> <span class='ocrx_word' id='word_1_70' title='bbox 1096 665 1202 697; x_wconf 90' lang='lat' dir='ltr'>ullum</span> <span class='ocrx_word' id='word_1_71' title='bbox 1225 667 1448 698; x_wconf 71' lang='lat' dir='ltr'>tenementum</span> <span class='ocrx_word' id='word_1_72' title='bbox 1472 665 1605 699; x_wconf 88' lang='lat' dir='ltr'>liberius</span> <span class='ocrx_word' id='word_1_73' title='bbox 1628 668 1661 698; x_wconf 88' lang='lat' dir='ltr'>et</span> 
     </span>
     <span class='ocr_line' id='line_1_8' title="bbox 172 735 1661 781; baseline -0.002 -11"><span class='ocrx_word' id='word_1_74' title='bbox 172 738 314 781; x_wconf 83' lang='lat' dir='ltr'>quietius</span> <span class='ocrx_word' id='word_1_75' title='bbox 329 737 441 770; x_wconf 84' lang='lat' dir='ltr'>haberi</span> <span class='ocrx_word' id='word_1_76' title='bbox 457 739 562 779; x_wconf 82' lang='lat' dir='ltr'>potest</span> <span class='ocrx_word' id='word_1_77' title='bbox 578 736 629 768; x_wconf 90' lang='lat' dir='ltr'>vel</span> <span class='ocrx_word' id='word_1_78' title='bbox 645 736 757 768; x_wconf 86' lang='lat' dir='ltr'>teneri.</span> <span class='ocrx_word' id='word_1_79' title='bbox 805 735 851 767; x_wconf 87' lang='lat' dir='ltr'>Et</span> <span class='ocrx_word' id='word_1_80' title='bbox 866 735 1031 767; x_wconf 88' lang='lat' dir='ltr'>sciendum</span> <span class='ocrx_word' id='word_1_81' title='bbox 1047 735 1133 777; x_wconf 87' lang='lat' dir='ltr'>quod</span> <span class='ocrx_word' id='word_1_82' title='bbox 1157 735 1361 767; x_wconf 85' lang='lat' dir='ltr'>affidavimus</span> <span class='ocrx_word' id='word_1_83' title='bbox 1384 741 1417 767; x_wconf 78' lang='lat' dir='ltr'>et</span> <span class='ocrx_word' id='word_1_84' title='bbox 1440 746 1536 777; x_wconf 81' lang='lat' dir='ltr'>super</span> <span class='ocrx_word' id='word_1_85' title='bbox 1559 746 1661 768; x_wconf 87' lang='lat' dir='ltr'>sacro-</span> 
     </span>
     <span class='ocr_line' id='line_1_9' title="bbox 173 805 1662 848; baseline -0.002 -8"><span class='ocrx_word' id='word_1_86' title='bbox 173 810 284 840; x_wconf 87' lang='lat' dir='ltr'>sancta</span> <span class='ocrx_word' id='word_1_87' title='bbox 315 807 443 839; x_wconf 74' lang='lat' dir='ltr'>ecclesie</span> <span class='ocrx_word' id='word_1_88' title='bbox 474 807 514 838; x_wconf 88' lang='lat' dir='ltr'>de</span> <span class='ocrx_word' id='word_1_89' title='bbox 544 806 699 838; x_wconf 59' lang='lat' dir='ltr'>Mane-AN</span> <span class='ocrx_word' id='word_1_90' title='bbox 731 805 912 848; x_wconf 57' lang='lat' dir='ltr'>jud-avimus</span> <span class='ocrx_word' id='word_1_91' title='bbox 943 806 1029 847; x_wconf 90' lang='lat' dir='ltr'>quod</span> <span class='ocrx_word' id='word_1_92' title='bbox 1060 805 1156 837; x_wconf 84' lang='lat' dir='ltr'>istam</span> <span class='ocrx_word' id='word_1_93' title='bbox 1194 805 1427 837; x_wconf 79' lang='lat' dir='ltr'>concessionem</span> <span class='ocrx_word' id='word_1_94' title='bbox 1467 809 1499 837; x_wconf 83' lang='lat' dir='ltr'>et</span> <span class='ocrx_word' id='word_1_95' title='bbox 1537 805 1662 847; x_wconf 83' lang='lat' dir='ltr'>quitam</span> 
     </span>
     <span class='ocr_line' id='line_1_10' title="bbox 176 874 1664 909; baseline -0.002 0"><span class='ocrx_word' id='word_1_96' title='bbox 176 877 405 909; x_wconf 85' lang='lat' dir='ltr'>clamacionem</span> <span class='ocrx_word' id='word_1_97' title='bbox 430 876 568 908; x_wconf 87' lang='lat' dir='ltr'>fideliter</span> <span class='ocrx_word' id='word_1_98' title='bbox 591 878 623 907; x_wconf 85' lang='lat' dir='ltr'>et</span> <span class='ocrx_word' id='word_1_99' title='bbox 647 875 715 907; x_wconf 89' lang='lat' dir='ltr'>sine</span> <span class='ocrx_word' id='word_1_100' title='bbox 739 875 812 906; x_wconf 89' lang='lat' dir='ltr'>dolo</span> <span class='ocrx_word' id='word_1_101' title='bbox 837 874 1034 906; x_wconf 82' lang='lat' dir='ltr'>servabimus</span> <span class='ocrx_word' id='word_1_102' title='bbox 1062 877 1093 905; x_wconf 85' lang='lat' dir='ltr'>et</span> <span class='ocrx_word' id='word_1_103' title='bbox 1120 877 1231 906; x_wconf 84' lang='lat' dir='ltr'>contra</span> <span class='ocrx_word' id='word_1_104' title='bbox 1258 885 1370 906; x_wconf 91' lang='lat' dir='ltr'>omnes</span> <span class='ocrx_word' id='word_1_105' title='bbox 1397 874 1543 906; x_wconf 86' lang='lat' dir='ltr'>homines</span> <span class='ocrx_word' id='word_1_106' title='bbox 1570 874 1664 906; x_wconf 86' lang='lat' dir='ltr'>dictis</span> 
     </span>
     <span class='ocr_line' id='line_1_11' title="bbox 176 943 1661 987; baseline -0.002 -9"><span class='ocrx_word' id='word_1_107' title='bbox 176 946 341 978; x_wconf 84' lang='lat' dir='ltr'>monachis</span> <span class='ocrx_word' id='word_1_108' title='bbox 356 944 637 977; x_wconf 78' lang='lat' dir='ltr'>warantizabimus</span> <span class='ocrx_word' id='word_1_109' title='bbox 653 945 687 976; x_wconf 89' lang='lat' dir='ltr'>in</span> <span class='ocrx_word' id='word_1_110' title='bbox 706 946 905 986; x_wconf 79' lang='lat' dir='ltr'>perpetuum.</span> <span class='ocrx_word' id='word_1_111' title='bbox 955 943 1000 975; x_wconf 73' lang='lat' dir='ltr'>Et</span> <span class='ocrx_word' id='word_1_112' title='bbox 1019 943 1096 986; x_wconf 85' lang='lat' dir='ltr'>quia</span> <span class='ocrx_word' id='word_1_113' title='bbox 1111 944 1241 986; x_wconf 82' lang='lat' dir='ltr'>propria</span> <span class='ocrx_word' id='word_1_114' title='bbox 1257 943 1365 987; x_wconf 86' lang='lat' dir='ltr'>sigilla</span> <span class='ocrx_word' id='word_1_115' title='bbox 1384 955 1449 975; x_wconf 89' lang='lat' dir='ltr'>non</span> <span class='ocrx_word' id='word_1_116' title='bbox 1466 943 1638 976; x_wconf 83' lang='lat' dir='ltr'>habuimus</span> <span class='ocrx_word' id='word_1_117' title='bbox 1656 969 1661 976; x_wconf 96' lang='lat'>.</span> 
     </span>
    </p>
   </div>
   <div class='ocr_carea' id='block_1_3' title="bbox 178 1013 1668 1058">
    <p class='ocr_par' dir='ltr' id='par_1_3' title="bbox 178 1013 1668 1058">
     <span class='ocr_line' id='line_1_12' title="bbox 178 1013 1668 1058; baseline -0.001 -11"><span class='ocrx_word' id='word_1_118' title='bbox 178 1015 323 1058; x_wconf 81' lang='lat' dir='ltr'>sigillum</span> <span class='ocrx_word' id='word_1_119' title='bbox 347 1014 483 1046; x_wconf 79' lang='lat' dir='ltr'><strong>ROGERI</strong></span> <span class='ocrx_word' id='word_1_120' title='bbox 508 1014 593 1046; x_wconf 81' lang='grc' dir='ltr'>ΚΑΜ</span> <span class='ocrx_word' id='word_1_121' title='bbox 616 1014 716 1056; x_wconf 86' lang='lat' dir='ltr'>patris</span> <span class='ocrx_word' id='word_1_122' title='bbox 740 1015 840 1045; x_wconf 80' lang='lat' dir='ltr'>nostri</span> <span class='ocrx_word' id='word_1_123' title='bbox 864 1014 905 1044; x_wconf 82' lang='lat' dir='ltr'>ad</span> <span class='ocrx_word' id='word_1_124' title='bbox 929 1013 1119 1055; x_wconf 80' lang='lat' dir='ltr'>petitionem</span> <span class='ocrx_word' id='word_1_125' title='bbox 1142 1016 1285 1045; x_wconf 81' lang='lat' dir='ltr'>nostram</span> <span class='ocrx_word' id='word_1_126' title='bbox 1309 1013 1450 1055; x_wconf 82' lang='lat' dir='ltr'>presenti</span> <span class='ocrx_word' id='word_1_127' title='bbox 1476 1013 1592 1056; x_wconf 85' lang='lat' dir='ltr'>scripto</span> <span class='ocrx_word' id='word_1_128' title='bbox 1620 1016 1668 1045; x_wconf 87' lang='lat' dir='ltr'>est</span> 
     </span>
    </p>
   </div>
   <div class='ocr_carea' id='block_1_4' title="bbox 177 1083 656 1127">
    <p class='ocr_par' dir='ltr' id='par_1_4' title="bbox 177 1083 656 1127">
     <span class='ocr_line' id='line_1_13' title="bbox 177 1083 656 1127; baseline -0.004 -10"><span class='ocrx_word' id='word_1_129' title='bbox 177 1085 371 1127; x_wconf 85' lang='lat' dir='ltr'>appositum.</span> <span class='ocrx_word' id='word_1_130' title='bbox 418 1083 496 1116; x_wconf 82' lang='lat' dir='ltr'>Hiis</span> <span class='ocrx_word' id='word_1_131' title='bbox 511 1083 656 1116; x_wconf 83' lang='lat' dir='ltr'>testibus.</span> 
     </span>
    </p>
   </div>
   <div class='ocr_carea' id='block_1_5' title="bbox 220 1152 1250 1196">
    <p class='ocr_par' dir='ltr' id='par_1_5' title="bbox 220 1152 1250 1196">
     <span class='ocr_line' id='line_1_14' title="bbox 220 1152 1250 1196; baseline -0.002 -10"><span class='ocrx_word' id='word_1_132' title='bbox 220 1153 610 1196; x_wconf 75' lang='lat' dir='ltr'>Entitled—‘Abjuracio</span> <span class='ocrx_word' id='word_1_133' title='bbox 629 1164 695 1185; x_wconf 85' lang='lat' dir='ltr'>111J.</span> <span class='ocrx_word' id='word_1_134' title='bbox 715 1153 854 1185; x_wconf 83' lang='lat' dir='ltr'>filiorum</span> <span class='ocrx_word' id='word_1_135' title='bbox 871 1153 939 1194; x_wconf 79' lang='lat' dir='ltr'>ejus</span> <span class='ocrx_word' id='word_1_136' title='bbox 955 1153 993 1184; x_wconf 81' lang='lat' dir='ltr'>de</span> <span class='ocrx_word' id='word_1_137' title='bbox 1010 1153 1122 1184; x_wconf 86' lang='lat' dir='ltr'>eadem</span> <span class='ocrx_word' id='word_1_138' title='bbox 1138 1152 1250 1184; x_wconf 83' lang='lat' dir='ltr'>terra.&#39;</span> 
     </span>
    </p>
   </div>
   <div class='ocr_carea' id='block_1_6' title="bbox 828 1317 1021 1350">
    <p class='ocr_par' dir='ltr' id='par_1_6' title="bbox 828 1317 1021 1350">
     <span class='ocr_line' id='line_1_15' title="bbox 828 1317 1021 1350; baseline -0.005 0"><span class='ocrx_word' id='word_1_139' title='bbox 828 1317 1021 1350; x_wconf 83' lang='lat' dir='ltr'>OCXLHI.</span> 
     </span>
    </p>
   </div>
   <div class='ocr_carea' id='block_1_7' title="bbox 283 1398 1556 1502">
    <p class='ocr_par' dir='ltr' id='par_1_7' title="bbox 283 1398 1556 1502">
     <span class='ocr_line' id='line_1_16' title="bbox 283 1398 1556 1433; baseline -0.001 -1"><span class='ocrx_word' id='word_1_140' title='bbox 283 1399 447 1433; x_wconf 76' lang='lat' dir='ltr'><strong>GRANT</strong></span> <span class='ocrx_word' id='word_1_141' title='bbox 478 1399 544 1432; x_wconf 85' lang='lat' dir='ltr'>BY</span> <span class='ocrx_word' id='word_1_142' title='bbox 574 1399 782 1432; x_wconf 79' lang='lat' dir='ltr'><strong>MARGAN</strong></span> <span class='ocrx_word' id='word_1_143' title='bbox 813 1400 875 1432; x_wconf 81' lang='grc' dir='ltr'>ΑΡ</span> <span class='ocrx_word' id='word_1_144' title='bbox 907 1399 1134 1432; x_wconf 80' lang='lat' dir='ltr'><strong>KARADOO</strong></span> <span class='ocrx_word' id='word_1_145' title='bbox 1166 1399 1223 1432; x_wconf 87' lang='grc' dir='ltr'>ΤΟ</span> <span class='ocrx_word' id='word_1_146' title='bbox 1258 1399 1463 1432; x_wconf 80' lang='lat' dir='ltr'>MARGAN</span> <span class='ocrx_word' id='word_1_147' title='bbox 1496 1398 1556 1431; x_wconf 87' lang='lat' dir='ltr'>OF</span> 
     </span>
     <span class='ocr_line' id='line_1_17' title="bbox 591 1468 1250 1502; baseline -0.002 0"><span class='ocrx_word' id='word_1_148' title='bbox 591 1469 724 1502; x_wconf 91' lang='lat' dir='ltr'>LAND</span> <span class='ocrx_word' id='word_1_149' title='bbox 755 1469 818 1501; x_wconf 79' lang='lat' dir='ltr'>AT</span> <span class='ocrx_word' id='word_1_150' title='bbox 850 1468 1068 1501; x_wconf 76' lang='lat' dir='ltr'><strong>ORGARES</strong></span> <span class='ocrx_word' id='word_1_151' title='bbox 1101 1468 1250 1501; x_wconf 84' lang='lat' dir='ltr'>WALL.</span> 
     </span>
    </p>
   </div>
   <div class='ocr_carea' id='block_1_8' title="bbox 733 1551 1620 1595">
    <p class='ocr_par' dir='ltr' id='par_1_8' title="bbox 733 1551 1620 1595">
     <span class='ocr_line' id='line_1_18' title="bbox 733 1551 1620 1595; baseline -0.001 -11"><span class='ocrx_word' id='word_1_152' title='bbox 733 1551 908 1595; x_wconf 71' lang='lat' dir='ltr'>[MARGAM</span> <span class='ocrx_word' id='word_1_153' title='bbox 926 1551 1120 1594; x_wconf 65' lang='lat' dir='ltr'>CHARTER]</span> <span class='ocrx_word' id='word_1_154' title='bbox 1526 1552 1620 1583; x_wconf 80' lang='lat'>1199.</span> 
     </span>
    </p>
   </div>
   <div class='ocr_carea' id='block_1_9' title="bbox 180 1633 1667 2231">
    <p class='ocr_par' dir='ltr' id='par_1_9' title="bbox 225 1633 1564 1677">
     <span class='ocr_line' id='line_1_19' title="bbox 225 1633 1564 1677; baseline 0 -12"><span class='ocrx_word' id='word_1_155' title='bbox 225 1633 383 1666; x_wconf 83' lang='lat' dir='ltr'>Omnibus</span> <span class='ocrx_word' id='word_1_156' title='bbox 399 1633 516 1666; x_wconf 78' lang='lat' dir='ltr'>Sancte</span> <span class='ocrx_word' id='word_1_157' title='bbox 532 1634 663 1666; x_wconf 81' lang='lat' dir='ltr'>ecclesia</span> <span class='ocrx_word' id='word_1_158' title='bbox 679 1635 754 1667; x_wconf 88' lang='lat' dir='ltr'>filiis</span> <span class='ocrx_word' id='word_1_159' title='bbox 769 1646 799 1677; x_wconf 90' lang='lat' dir='ltr'>p.</span> <span class='ocrx_word' id='word_1_160' title='bbox 818 1647 843 1666; x_wconf 86' lang='lat' dir='ltr'>e.</span> <span class='ocrx_word' id='word_1_161' title='bbox 862 1634 885 1666; x_wconf 77' lang='lat' dir='ltr'>f.</span> <span class='ocrx_word' id='word_1_162' title='bbox 904 1635 1100 1666; x_wconf 70' lang='lat' dir='ltr'>MARGANUs</span> <span class='ocrx_word' id='word_1_163' title='bbox 1118 1634 1203 1666; x_wconf 85' lang='lat' dir='ltr'>filius</span> <span class='ocrx_word' id='word_1_164' title='bbox 1219 1633 1399 1666; x_wconf 72' lang='lat' dir='ltr'>KARADom</span> <span class='ocrx_word' id='word_1_165' title='bbox 1418 1633 1564 1665; x_wconf 83' lang='lat' dir='ltr'>salutem.</span> 
     </span>
    </p>

    <p class='ocr_par' dir='ltr' id='par_1_10' title="bbox 180 1700 1667 2231">
     <span class='ocr_line' id='line_1_20' title="bbox 225 1700 1665 1735; baseline 0.001 -2"><span class='ocrx_word' id='word_1_166' title='bbox 225 1700 340 1733; x_wconf 79' lang='lat' dir='ltr'>Sciatis</span> <span class='ocrx_word' id='word_1_167' title='bbox 365 1713 418 1734; x_wconf 89' lang='lat' dir='ltr'>me</span> <span class='ocrx_word' id='word_1_168' title='bbox 434 1702 566 1734; x_wconf 88' lang='lat' dir='ltr'>consilio</span> <span class='ocrx_word' id='word_1_169' title='bbox 593 1706 625 1734; x_wconf 88' lang='lat' dir='ltr'>et</span> <span class='ocrx_word' id='word_1_170' title='bbox 647 1714 802 1735; x_wconf 80' lang='lat' dir='ltr'>consensu</span> <span class='ocrx_word' id='word_1_171' title='bbox 828 1703 968 1735; x_wconf 84' lang='lat' dir='ltr'>filiorum</span> <span class='ocrx_word' id='word_1_172' title='bbox 998 1714 1139 1735; x_wconf 80' lang='lat' dir='ltr'>meorum</span> <span class='ocrx_word' id='word_1_173' title='bbox 1165 1703 1353 1735; x_wconf 85' lang='lat' dir='ltr'>concessisse</span> <span class='ocrx_word' id='word_1_174' title='bbox 1369 1706 1401 1735; x_wconf 89' lang='lat' dir='ltr'>et</span> <span class='ocrx_word' id='word_1_175' title='bbox 1418 1703 1541 1735; x_wconf 85' lang='lat' dir='ltr'>dedisse</span> <span class='ocrx_word' id='word_1_176' title='bbox 1558 1706 1590 1735; x_wconf 87' lang='lat' dir='ltr'>et</span> <span class='ocrx_word' id='word_1_177' title='bbox 1605 1703 1665 1735; x_wconf 81' lang='lat' dir='ltr'>hae</span> 
     </span>
     <span class='ocr_line' id='line_1_21' title="bbox 180 1771 1662 1805; baseline 0.001 -3"><span class='ocrx_word' id='word_1_178' title='bbox 180 1771 274 1802; x_wconf 78' lang='lat' dir='ltr'>karta</span> <span class='ocrx_word' id='word_1_179' title='bbox 297 1772 499 1804; x_wconf 68' lang='lat' dir='ltr'>confirmasse</span> <span class='ocrx_word' id='word_1_180' title='bbox 523 1771 593 1804; x_wconf 85' lang='lat' dir='ltr'>Deo</span> <span class='ocrx_word' id='word_1_181' title='bbox 617 1775 649 1805; x_wconf 89' lang='lat' dir='ltr'>et</span> <span class='ocrx_word' id='word_1_182' title='bbox 672 1773 800 1805; x_wconf 85' lang='lat' dir='ltr'>ecclesie</span> <span class='ocrx_word' id='word_1_183' title='bbox 825 1773 941 1805; x_wconf 78' lang='lat' dir='ltr'>Sancte</span> <span class='ocrx_word' id='word_1_184' title='bbox 965 1773 1086 1805; x_wconf 68' lang='lat' dir='ltr'>MAmE</span> <span class='ocrx_word' id='word_1_185' title='bbox 1112 1773 1151 1804; x_wconf 86' lang='lat' dir='ltr'>de</span> <span class='ocrx_word' id='word_1_186' title='bbox 1174 1772 1329 1804; x_wconf 76' lang='lat' dir='ltr'>MARGAN</span> <span class='ocrx_word' id='word_1_187' title='bbox 1355 1776 1386 1804; x_wconf 92' lang='lat' dir='ltr'>et</span> <span class='ocrx_word' id='word_1_188' title='bbox 1411 1784 1453 1804; x_wconf 76' lang='lat' dir='ltr'>m,</span> <span class='ocrx_word' id='word_1_189' title='bbox 1478 1773 1497 1804; x_wconf 91' lang='lat' dir='ltr'>i.</span> <span class='ocrx_word' id='word_1_190' title='bbox 1523 1772 1564 1804; x_wconf 94' lang='lat' dir='ltr'>D.</span> <span class='ocrx_word' id='word_1_191' title='bbox 1586 1784 1610 1804; x_wconf 89' lang='lat' dir='ltr'>s.</span> <span class='ocrx_word' id='word_1_192' title='bbox 1628 1773 1662 1804; x_wconf 90' lang='lat' dir='ltr'>in</span> 
     </span>
     <span class='ocr_line' id='line_1_22' title="bbox 182 1840 1666 1884; baseline 0.001 -13"><span class='ocrx_word' id='word_1_193' title='bbox 182 1840 391 1872; x_wconf 86' lang='lat' dir='ltr'>elemosinam</span> <span class='ocrx_word' id='word_1_194' title='bbox 406 1841 541 1873; x_wconf 80' lang='lat' dir='ltr'>liberam</span> <span class='ocrx_word' id='word_1_195' title='bbox 560 1844 592 1873; x_wconf 88' lang='lat' dir='ltr'>et</span> <span class='ocrx_word' id='word_1_196' title='bbox 611 1842 754 1884; x_wconf 81' lang='lat' dir='ltr'>quietam</span> <span class='ocrx_word' id='word_1_197' title='bbox 778 1842 817 1874; x_wconf 86' lang='lat' dir='ltr'>ab</span> <span class='ocrx_word' id='word_1_198' title='bbox 842 1843 952 1874; x_wconf 82' lang='lat' dir='ltr'>omnia</span> <span class='ocrx_word' id='word_1_199' title='bbox 975 1842 1106 1874; x_wconf 85' lang='lat' dir='ltr'>servicio</span> <span class='ocrx_word' id='word_1_200' title='bbox 1131 1845 1163 1874; x_wconf 86' lang='lat' dir='ltr'>et</span> <span class='ocrx_word' id='word_1_201' title='bbox 1186 1842 1419 1874; x_wconf 84' lang='lat' dir='ltr'>consuetudine</span> <span class='ocrx_word' id='word_1_202' title='bbox 1443 1846 1474 1874; x_wconf 83' lang='lat' dir='ltr'>et</span> <span class='ocrx_word' id='word_1_203' title='bbox 1497 1842 1666 1874; x_wconf 76' lang='lat' dir='ltr'>exaccione</span> 
     </span>
     <span class='ocr_line' id='line_1_23' title="bbox 183 1909 1661 1952; baseline 0.001 -12"><span class='ocrx_word' id='word_1_204' title='bbox 183 1909 316 1941; x_wconf 83' lang='lat' dir='ltr'>seculari</span> <span class='ocrx_word' id='word_1_205' title='bbox 340 1912 446 1941; x_wconf 91' lang='lat' dir='ltr'>totum</span> <span class='ocrx_word' id='word_1_206' title='bbox 471 1913 600 1952; x_wconf 85' lang='lat' dir='ltr'>pratum</span> <span class='ocrx_word' id='word_1_207' title='bbox 627 1912 713 1952; x_wconf 79' lang='lat' dir='ltr'>quod</span> <span class='ocrx_word' id='word_1_208' title='bbox 740 1911 803 1943; x_wconf 80' lang='lat' dir='ltr'>fuit</span> <span class='ocrx_word' id='word_1_209' title='bbox 828 1911 948 1943; x_wconf 68' lang='lat' dir='ltr'>ALwa</span> <span class='ocrx_word' id='word_1_210' title='bbox 979 1912 1063 1943; x_wconf 87' lang='lat' dir='ltr'>inter</span> <span class='ocrx_word' id='word_1_211' title='bbox 1089 1912 1221 1943; x_wconf 90' lang='lat' dir='ltr'>domum</span> <span class='ocrx_word' id='word_1_212' title='bbox 1250 1911 1411 1942; x_wconf 49' lang='lat' dir='ltr'>Eanum</span> <span class='ocrx_word' id='word_1_213' title='bbox 1440 1913 1472 1943; x_wconf 87' lang='lat' dir='ltr'>et</span> <span class='ocrx_word' id='word_1_214' title='bbox 1501 1910 1661 1942; x_wconf 77' lang='lat' dir='ltr'>ORGARES</span> 
     </span>
     <span class='ocr_line' id='line_1_24' title="bbox 185 1977 1665 2022; baseline 0 -11"><span class='ocrx_word' id='word_1_215' title='bbox 185 1977 318 2011; x_wconf 74' lang='lat' dir='ltr'>WALLE</span> <span class='ocrx_word' id='word_1_216' title='bbox 337 2003 343 2010; x_wconf 95' lang='lat'><strong>.</strong></span> <span class='ocrx_word' id='word_1_217' title='bbox 361 1981 392 2010; x_wconf 86' lang='lat' dir='ltr'>et</span> <span class='ocrx_word' id='word_1_218' title='bbox 408 1979 557 2011; x_wconf 85' lang='lat' dir='ltr'>universa</span> <span class='ocrx_word' id='word_1_219' title='bbox 572 1983 663 2022; x_wconf 82' lang='lat' dir='ltr'>prata</span> <span class='ocrx_word' id='word_1_220' title='bbox 681 1992 752 2012; x_wconf 85' lang='lat' dir='ltr'>mea</span> <span class='ocrx_word' id='word_1_221' title='bbox 768 1992 830 2022; x_wconf 90' lang='lat' dir='ltr'>que</span> <span class='ocrx_word' id='word_1_222' title='bbox 852 1984 926 2012; x_wconf 88' lang='lat' dir='ltr'>sunt</span> <span class='ocrx_word' id='word_1_223' title='bbox 950 1981 1035 2012; x_wconf 82' lang='lat' dir='ltr'>inter</span> <span class='ocrx_word' id='word_1_224' title='bbox 1058 1980 1220 2012; x_wconf 71' lang='lat' dir='ltr'>ORGARES</span> <span class='ocrx_word' id='word_1_225' title='bbox 1237 1980 1371 2013; x_wconf 78' lang='lat' dir='ltr'>WALLE</span> <span class='ocrx_word' id='word_1_226' title='bbox 1396 1983 1429 2012; x_wconf 81' lang='lat' dir='ltr'>et</span> <span class='ocrx_word' id='word_1_227' title='bbox 1452 1980 1609 2022; x_wconf 86' lang='lat' dir='ltr'>capellam</span> <span class='ocrx_word' id='word_1_228' title='bbox 1633 1982 1665 2011; x_wconf 90' lang='lat' dir='ltr'>et</span> 
     </span>
     <span class='ocr_line' id='line_1_25' title="bbox 183 2049 1663 2092; baseline 0.001 -13"><span class='ocrx_word' id='word_1_229' title='bbox 183 2050 290 2079; x_wconf 82' lang='lat' dir='ltr'>totum</span> <span class='ocrx_word' id='word_1_230' title='bbox 313 2050 444 2090; x_wconf 85' lang='lat' dir='ltr'>pratum</span> <span class='ocrx_word' id='word_1_231' title='bbox 467 2049 553 2090; x_wconf 90' lang='lat' dir='ltr'>quod</span> <span class='ocrx_word' id='word_1_232' title='bbox 576 2049 639 2080; x_wconf 84' lang='lat' dir='ltr'>fuit</span> <span class='ocrx_word' id='word_1_233' title='bbox 665 2049 781 2081; x_wconf 65' lang='lat' dir='ltr'>Dmm</span> <span class='ocrx_word' id='word_1_234' title='bbox 807 2050 952 2081; x_wconf 66' lang='lat' dir='ltr'>PmNEi..</span> <span class='ocrx_word' id='word_1_235' title='bbox 1000 2049 1045 2081; x_wconf 88' lang='lat' dir='ltr'>Et</span> <span class='ocrx_word' id='word_1_236' title='bbox 1066 2053 1196 2092; x_wconf 85' lang='lat' dir='ltr'>pratum</span> <span class='ocrx_word' id='word_1_237' title='bbox 1213 2049 1346 2082; x_wconf 76' lang='lat' dir='ltr'><strong>YEWAN</strong></span> <span class='ocrx_word' id='word_1_238' title='bbox 1366 2050 1488 2082; x_wconf 73' lang='lat' dir='ltr'><strong>BRAUT</strong></span> <span class='ocrx_word' id='word_1_239' title='bbox 1507 2049 1637 2082; x_wconf 74' lang='lat' dir='ltr'>WA1TH</span> <span class='ocrx_word' id='word_1_240' title='bbox 1657 2075 1663 2081; x_wconf 92' lang='lat'><strong><em>.</em></strong></span> 
     </span>
     <span class='ocr_line' id='line_1_26' title="bbox 184 2116 1662 2151; baseline 0.001 -3"><span class='ocrx_word' id='word_1_241' title='bbox 184 2117 348 2148; x_wconf 87' lang='lat' dir='ltr'>reddendo</span> <span class='ocrx_word' id='word_1_242' title='bbox 367 2116 466 2148; x_wconf 87' lang='lat' dir='ltr'>michi</span> <span class='ocrx_word' id='word_1_243' title='bbox 489 2120 521 2149; x_wconf 89' lang='lat' dir='ltr'>et</span> <span class='ocrx_word' id='word_1_244' title='bbox 541 2117 712 2149; x_wconf 83' lang='lat' dir='ltr'>heredibus</span> <span class='ocrx_word' id='word_1_245' title='bbox 734 2119 814 2150; x_wconf 85' lang='lat' dir='ltr'>meis</span> <span class='ocrx_word' id='word_1_246' title='bbox 835 2119 1005 2150; x_wconf 81' lang='lat' dir='ltr'>annuatim</span> <span class='ocrx_word' id='word_1_247' title='bbox 1026 2119 1066 2150; x_wconf 86' lang='lat' dir='ltr'>ad</span> <span class='ocrx_word' id='word_1_248' title='bbox 1082 2119 1202 2151; x_wconf 80' lang='lat' dir='ltr'>festum</span> <span class='ocrx_word' id='word_1_249' title='bbox 1219 2118 1329 2151; x_wconf 81' lang='lat' dir='ltr'>Sancti</span> <span class='ocrx_word' id='word_1_250' title='bbox 1346 2119 1546 2151; x_wconf 66' lang='lat' dir='ltr'>MlouAaLis</span> <span class='ocrx_word' id='word_1_251' title='bbox 1563 2129 1662 2150; x_wconf 87' lang='lat' dir='ltr'>unam</span> 
     </span>
     <span class='ocr_line' id='line_1_27' title="bbox 185 2186 1667 2231; baseline 0.001 -14"><span class='ocrx_word' id='word_1_252' title='bbox 185 2196 325 2217; x_wconf 84' lang='lat' dir='ltr'>marcam</span> <span class='ocrx_word' id='word_1_253' title='bbox 351 2186 478 2229; x_wconf 76' lang='lat' dir='ltr'>argenti</span> <span class='ocrx_word' id='word_1_254' title='bbox 503 2198 562 2229; x_wconf 86' lang='lat' dir='ltr'>pro</span> <span class='ocrx_word' id='word_1_255' title='bbox 592 2188 680 2219; x_wconf 89' lang='lat' dir='ltr'>omni</span> <span class='ocrx_word' id='word_1_256' title='bbox 711 2188 850 2220; x_wconf 84' lang='lat' dir='ltr'>servicio.</span> <span class='ocrx_word' id='word_1_257' title='bbox 898 2188 944 2220; x_wconf 79' lang='lat' dir='ltr'>Et</span> <span class='ocrx_word' id='word_1_258' title='bbox 974 2188 1140 2221; x_wconf 84' lang='lat' dir='ltr'>sciendum</span> <span class='ocrx_word' id='word_1_259' title='bbox 1173 2189 1259 2231; x_wconf 88' lang='lat' dir='ltr'>quod</span> <span class='ocrx_word' id='word_1_260' title='bbox 1290 2199 1346 2230; x_wconf 85' lang='lat' dir='ltr'>pre</span> <span class='ocrx_word' id='word_1_261' title='bbox 1376 2187 1528 2220; x_wconf 90' lang='lat' dir='ltr'>manibus</span> <span class='ocrx_word' id='word_1_262' title='bbox 1559 2187 1667 2229; x_wconf 89' lang='lat' dir='ltr'>accepi</span> 
     </span>
    </p>
   </div>
   <div class='ocr_carea' id='block_1_10' title="bbox 186 2255 1667 2300">
    <p class='ocr_par' dir='ltr' id='par_1_11' title="bbox 186 2255 1667 2300">
     <span class='ocr_line' id='line_1_28' title="bbox 186 2255 1667 2300; baseline 0.001 -14"><span class='ocrx_word' id='word_1_263' title='bbox 186 2255 351 2287; x_wconf 85' lang='lat' dir='ltr'>redditum</span> <span class='ocrx_word' id='word_1_264' title='bbox 378 2267 407 2287; x_wconf 86' lang='lat' dir='ltr'>v.</span> <span class='ocrx_word' id='word_1_265' title='bbox 434 2267 592 2288; x_wconf 87' lang='lat' dir='ltr'>annorum</span> <span class='ocrx_word' id='word_1_266' title='bbox 620 2268 706 2288; x_wconf 80' lang='lat' dir='ltr'>anno</span> <span class='ocrx_word' id='word_1_267' title='bbox 733 2257 774 2289; x_wconf 82' lang='lat' dir='ltr'>ab</span> <span class='ocrx_word' id='word_1_268' title='bbox 797 2257 1016 2289; x_wconf 81' lang='lat' dir='ltr'>incarnatione</span> <span class='ocrx_word' id='word_1_269' title='bbox 1040 2257 1175 2290; x_wconf 87' lang='lat' dir='ltr'>Domini</span> <span class='ocrx_word' id='word_1_270' title='bbox 1200 2263 1245 2289; x_wconf 53' lang='grc' dir='ltr'>ΜΟ·</span> <span class='ocrx_word' id='word_1_271' title='bbox 1276 2264 1312 2289; x_wconf 72' lang='lat'>0¹¹·</span> <span class='ocrx_word' id='word_1_272' title='bbox 1344 2257 1558 2300; x_wconf 81' lang='lat' dir='ltr'>nonagesimo</span> <span class='ocrx_word' id='word_1_273' title='bbox 1581 2267 1667 2288; x_wconf 90' lang='lat' dir='ltr'>nono</span> 
     </span>
    </p>
   </div>
  </div>
 </body>
</html>
