1998 2724
1546 171 1610 201 473

794 492 1050 526 OGGOLXXV.

181 572 525 606 NOTIFIOATION
560 572 627 606 BY
663 573 815 614 ELIAS,
854 573 1028 607 BISHOP
1066 573 1126 606 OF
1163 572 1425 606 LLANDAFF
1462 572 1521 605 ΤΟ
1560 572 1659 605 THE

288 641 446 675 ABBOT
477 642 536 675 OF
566 642 788 683 MARGAM,
812 643 870 675 TO
898 643 1027 675 PULL
1058 642 1204 676 DOWN
1228 642 1328 674 THE
1363 641 1556 674 OHAPEL
1589 641 1659 674 HE

289 711 395 744 HAD
418 711 568 744 BUILT
598 711 805 745 OUTSIDE
837 712 1102 745 LANDGEWI
1127 711 1335 751 GRANGE,
1359 711 1460 743 AND
1485 711 1542 743 TO
1567 711 1659 744 USE

291 780 391 814 THE
435 780 629 813 GHAPEL
667 780 839 814 WHIOH
888 781 987 814 THE
1026 780 1201 814 BISHOP
1248 780 1343 813 HAS
1382 780 1660 814 DEDIOATED

291 849 456 883 INSIDE
481 849 580 882 THE
604 849 742 883 SAME.

744 931 916 972 [MARGAM
941 931 1132 973 CHARTER]
1390 932 1615 964 1230—1240.

221 1013 391 1046 Universis
414 1013 558 1046 CHRISTI
581 1013 730 1046 fidelibus
752 1014 794 1045 ad
818 1025 898 1056 quos
919 1025 1049 1056 presens
1072 1015 1227 1057 scriptum
1249 1014 1432 1057 pervenerit
1456 1039 1462 1046 .
1489 1012 1632 1056 E[L1As]
1653 1040 1661 1046 .

181 1083 245 1115 Dei
260 1083 367 1126 gratia
382 1082 627 1115 LANDAvENsm
643 1082 772 1115 ecclesie
788 1083 935 1115 minister
949 1083 1082 1116 humilis
1098 1084 1234 1116 salutem
1251 1086 1395 1116 eternam
1411 1083 1444 1115 in
1462 1083 1615 1115 Domino.

222 1152 290 1184 Piis
305 1152 530 1195 religiosorum
544 1151 757 1195 petitionibus
773 1154 805 1184 et
820 1152 903 1185 votis
922 1153 1030 1185 animo
1052 1164 1110 1186 nos
1132 1153 1222 1185 decet
1244 1152 1387 1195 benigno
1412 1152 1662 1185 condescendere

179 1224 211 1254 et
226 1221 375 1264 precipue
390 1221 426 1253 in
440 1221 504 1254 hiis
519 1232 581 1264 que
602 1221 644 1254 ad
658 1221 788 1254 ecclesie
809 1221 1011 1255 honestatem
1034 1224 1066 1255 et
1087 1223 1128 1254 ad
1145 1223 1282 1255 salutem
1298 1224 1444 1264 spectant
1467 1222 1660 1253 animarum.

176 1290 268 1323 Hine
282 1291 428 1333 estquod
437 1290 642 1323 universitati
654 1292 757 1323 vestre
773 1291 976 1333 presentibus
992 1291 1213 1334 significamus
1230 1318 1236 1323 .
1254 1302 1313 1323 nos
1325 1291 1452 1323 diiectis
1464 1291 1498 1322 in
1512 1290 1661 1323 CHRISTO

174 1359 249 1391 filiis
265 1358 374 1392 abbati
389 1361 421 1391 et
437 1359 611 1392 conventui
626 1359 666 1392 de
685 1358 841 1392 MARGAN
856 1359 1039 1402 injunxisse
1058 1385 1064 1391 .
1084 1362 1121 1392 ut
1137 1360 1296 1402 capellam
1315 1371 1413 1402 quam
1430 1362 1522 1391 extra
1538 1360 1660 1392 curiam

174 1428 312 1472 grangie
327 1439 382 1460 sue
398 1429 438 1460 de
453 1427 650 1461 LANDGEWI
668 1428 898 1461 edificaverant
915 1455 921 1461 .
940 1429 1072 1461 diruant
1089 1455 1095 1461 .
1114 1431 1146 1461 et
1168 1429 1204 1461 in
1228 1428 1351 1471 capella
1373 1440 1434 1470 que
1449 1428 1596 1461 edificata
1612 1432 1660 1461 est

173 1497 262 1530 infra
282 1497 404 1530 curiam
424 1498 508 1530 dicte
529 1498 666 1540 grangis
689 1497 881 1530 auctoritate
904 1500 1017 1530 nostra
1041 1497 1153 1530 divina
1176 1497 1346 1530 celebrent.
1397 1497 1505 1533 Quam
1528 1498 1659 1540 quidem

177 1566 332 1609 oapeUam
354 1566 390 1598 in
413 1566 541 1609 propria
563 1578 699 1609 persona.
721 1566 878 1598 dedicavi.
936 1566 978 1598 In
1002 1566 1095 1608 cujus
1120 1566 1166 1598 rei
1192 1566 1416 1598 testimonium
1441 1566 1516 1598 huic
1541 1567 1658 1609 scripto

173 1635 319 1678 sigillum
341 1637 487 1668 nostrum
517 1635 732 1678 apposuimus.
789 1635 868 1668 Hiis
890 1635 1026 1668 testibus
1050 1661 1056 1667 .
1083 1634 1278 1668 WILLELMO
1310 1636 1349 1667 de
1374 1635 1553 1668 LANMAYs'
1577 1638 1655 1668 tuno

172 1704 293 1737 decano
319 1705 359 1736 de
386 1703 554 1737 Gonomn’
585 1730 591 1736 .
621 1704 778 1737 RmARno
815 1705 943 1737 officiali
968 1730 975 1736 .
1008 1704 1164 1747 magistro
1194 1703 1302 1736 ADAM
1340 1706 1419 1736 tunc
1455 1705 1576 1737 decano
1613 1705 1654 1737 de

172 1772 391 1805 PENHECHEN
416 1798 423 1805 .
448 1773 604 1806 Rmnzno
628 1772 841 1806 KAMERAmo
864 1785 999 1816 persona
1022 1774 1062 1806 de
1087 1773 1204 1806 eoem
1241 1799 1246 1805 .
1286 1773 1463 1806 WALTERO
1496 1772 1620 1806 GALUN
1645 1800 1651 1806 .

176 1842 355 1875 GALFRIDO
370 1842 483 1875 clerico
499 1868 506 1874 .
524 1844 557 1875 et
571 1842 684 1875 multis
699 1843 780 1875 aliis.

219 1911 459 1954 Fragmentary
474 1911 541 1944 seal
556 1911 590 1944 of
614 1911 737 1954 Bishop
754 1911 855 1944 Elias.

215 1979 438 2011 Endorsed—‘
450 1978 546 2014 Quod
561 1980 656 2012 liceat
671 1979 763 2012 nobis
777 1980 888 2012 divina
904 1979 1062 2012 celebrare
1078 1979 1113 2011 in
1129 1980 1268 2022 grangia
1283 1980 1323 2011 de
1338 1979 1518 2012 Lankewi.'

215 2047 240 2070 It
251 2055 355 2076 appears
367 2048 430 2070 from
441 2055 472 2070 an
484 2050 569 2070 extent
581 2049 606 2071 of
624 2048 740 2076 Knights'
753 2049 811 2077 sees,
823 2049 944 2077 probably
957 2048 1031 2071 taken
1042 2049 1119 2071 about.
1133 2049 1196 2076 1252,
1209 2048 1264 2070 that
1277 2048 1318 2070 the
1331 2048 1415 2071 Abbot
1427 2049 1453 2071 of
1464 2048 1576 2077 Mai-gam
1588 2049 1644 2071 held

182 2091 220 2113 fee
232 2090 256 2112 in
268 2090 400 2119 Laugewy.
435 2089 564 2120 [DOXV]

330 2362 388 2388 31<
