1998 2724
350 172 413 203 586

304 327 431 359 easdem
447 327 565 360 divisas
583 353 588 359 .
606 327 725 359 scilicet
743 353 747 358 .
767 327 852 358 inter
867 326 954 358 viam
970 337 1032 367 que
1048 325 1137 357 vadit
1152 325 1236 358 inter
1251 328 1370 357 terram
1386 336 1491 357 meam
1509 352 1514 356 .
1533 330 1564 357 et
1580 328 1700 357 terram
1718 351 1725 357 .
1743 325 1779 358 P.

306 396 346 428 de
365 395 633 439 [TURBERVILLA
648 423 653 428 .
669 400 701 429 et
717 395 892 438 foss]atum
906 396 992 438 quod
1008 395 1173 428 descendit
1187 421 1193 427 .
1206 395 1247 428 ab
1263 396 1374 428 eadem
1385 396 1436 427 via
1452 396 1536 428 inter
1548 398 1667 427 terram
1679 406 1785 428 meam

306 467 338 497 et
362 468 481 497 terram
511 492 515 497 .
543 465 598 498 W.
619 465 787 497 SccRLAG’
816 491 821 497 .
851 475 952 507 usque
976 465 1015 496 ad
1040 467 1142 496 metas
1164 464 1199 496 in
1224 464 1372 508 [signum
1394 464 1530 507 positas]
1559 491 1564 496 .
1590 465 1625 497 in
1649 465 1783 507 planitie

306 533 453 576 ejusdem
470 535 573 576 campi
592 560 597 566 .
616 545 725 566 versus
740 534 897 565 orientem
916 559 921 565 .
940 536 972 565 et
988 533 1063 565 hinc
1079 544 1179 575 usque
1196 534 1237 566 ad
1253 533 1419 566 bosculum
1435 538 1521 566 recta
1536 533 1623 566 linea
1640 560 1646 565 .
1664 534 1720 576 qui
1737 536 1784 565 est

306 603 341 634 in
364 602 536 645 deseen[su
559 614 668 635 versus
692 603 789 634 aliam
813 601 919 645 v]iam
943 613 1006 644 que
1022 602 1113 634 vadit
1135 602 1220 634 inter
1242 605 1361 634 terram
1385 613 1489 634 meam
1513 606 1543 633 et
1568 606 1710 634 terram.
1729 602 1782 634 W.

307 670 474 704 Scortum.
522 672 567 704 Et
589 673 720 714 insuper
736 672 847 703 addidi
871 671 991 704 eisdem
1008 671 1172 704 monachis
1187 672 1222 704 in
1237 675 1425 714 perpetuam
1447 672 1654 704 elemosinam
1673 697 1783 703 .....

310 740 441 783 [a]0ras.
467 752 501 773 11.
528 753 627 773 unam
651 744 683 773 et
705 741 875 774 dimidiam
899 742 940 773 ad
963 741 1248 783 septentrionalem
1271 744 1396 783 partem
1414 767 1419 773 .
1439 742 1614 773 earundem
1640 751 1785 772 acrarum

307 811 516 852 procedentes
530 814 616 843 recta
632 811 718 842 linea
734 822 835 853 usque
851 811 884 842 in
903 836 1013 842 .....
1032 810 1168 842 divisam
1184 814 1267 842 terre
1283 822 1353 842 mee
1370 814 1401 842 et
1417 813 1500 842 terre
1518 809 1570 842 W.
1590 809 1759 842 Scnnme'
1778 835 1784 841 .

308 882 339 910 et
364 879 498 911 dimidia
519 879 603 921 jacet
628 879 724 922 juxta
745 880 903 922 predictas
929 891 1017 912 acras
1050 879 1098 911 illi
1132 880 1224 912 datas
1246 880 1335 922 prius
1358 891 1376 911 a
1403 905 1408 910 .
1436 906 1441 911 .
1470 905 1474 910 .
1500 882 1590 921 patre
1617 890 1689 911 meo
1714 905 1719 910 .
1746 879 1787 910 ad

311 947 500 980 orientalem
516 952 649 990 partem.
697 948 856 980 Testibus.

354 1016 557 1049 Entitled—‘
570 1017 778 1050 Confirmatio
796 1017 904 1050 Wrnu
921 1017 980 1050 filii
997 1017 1142 1060 Philippi
1159 1018 1198 1049 de
1214 1018 1325 1050 eodem
1342 1020 1374 1049 et
1390 1018 1429 1049 de
1447 1029 1482 1049 11.
1501 1018 1582 1049 aeris
1598 1017 1738 1049 additis)

999 1268 1108 1301 DLX.

311 1349 474 1382 GRANT
498 1350 563 1382 BY
586 1350 686 1382 THE
710 1349 823 1382 SONS
855 1350 915 1382 OF
946 1349 1176 1381 CADUGAN
1205 1348 1263 1381 TO
1292 1347 1503 1380 MARGAM
1533 1347 1697 1380 ABBEY
1728 1348 1788 1380 OF

422 1419 576 1451 THEIR
599 1412 833 1452 FATHER'S
857 1419 990 1451 LAND
1022 1417 1261 1451 BETWEEN
1294 1417 1658 1451 WALDERESTON
1688 1416 1790 1450 AND

423 1488 732 1521 HOREGRAVE.

860 1557 1032 1599 [MARGAM
1057 1555 1252 1598 CHARTER]

361 1639 487 1682 [Sciant
520 1638 646 1682 omnes]
676 1643 838 1681 presentes
864 1641 897 1671 et
927 1639 1031 1671 futuri
1058 1639 1144 1680 quod
1175 1649 1235 1680 ego
1261 1637 1454 1670 Gfflrrmus
1478 1662 1483 1667 .
1510 1637 1701 1669 Pmmpus
1726 1661 1733 1668 .
1758 1638 1789 1668 et

314 1708 416 1741 Hom
435 1735 440 1740 .
459 1709 517 1741 filii
536 1708 703 1740 CAUUGAN
722 1733 729 1739 .
747 1708 878 1740 consilio
900 1710 932 1740 et
955 1719 1110 1740 consensu
1133 1710 1305 1749 parentum
1330 1710 1362 1738 et
1387 1705 1583 1748 ami[corum
1609 1708 1791 1738 nostrorum

314 1778 463 1810 dedimus
486 1777 715 1820 00n00]ssimus
738 1780 768 1808 et
795 1777 922 1819 quitum
944 1777 1152 1809 clamavimus
1176 1776 1247 1808 Deo
1269 1779 1301 1807 et
1324 1775 1452 1808 ecclesie
1476 1774 1592 1807 Sancte
1617 1774 1738 1807 Mnus
1755 1775 1794 1807 de

316 1847 471 1878 MARGAN
490 1873 496 1878 .
515 1850 545 1879 et
562 1846 726 1879 monachis
742 1846 862 1878 ibidem
878 1845 949 1877 Deo
964 1844 1176 1878 servientibus
1191 1844 1226 1876 in
1245 1843 1375 1887 [puram
1397 1846 1428 1876 et
1450 1845 1655 1886 perpetu]am
1678 1843 1793 1875 elemo-

317 1916 421 1948 sinam
445 1919 546 1948 totam
570 1919 688 1948 terram
712 1927 774 1957 que
797 1915 861 1947 fuit
885 1915 985 1957 patris
1015 1914 1116 1946 nostri
1150 1914 1316 1946 CADUGAN
1351 1914 1436 1946 iuter
1469 1913 1731 1946 WALDERESTON
1763 1914 1795 1944 et

318 1985 539 2017 Homo-mvi:
555 2010 560 2016 .
579 1987 614 2016 ut
630 1984 771 2016 habeant
790 1984 838 2026 [et
854 1986 986 2016 teneant
1001 1983 1079 2016 dieti
1095 1983 1242 2015 monachi
1259 1983 1378 2014 dictam
1395 1981 1530 2024 terram]
1549 1992 1622 2013 oum
1645 1980 1795 2014 omnibus

320 2054 519 2086 aisiamentis
535 2057 566 2085 et
583 2053 787 2095 pertinentiis
803 2053 868 2084 suis
887 2078 892 2084 .
910 2052 1044 2085 liberam
1061 2055 1093 2084 et
1109 2052 1252 2094 quietam
1276 2051 1316 2083 ab
1339 2051 1427 2083 omni
1451 2050 1580 2082 servitio
1603 2053 1633 2082 et
1658 2049 1798 2082 seculare

317 2123 483 2155 exactione
502 2148 636 2154 ......
658 2121 826 2165 [li]berius
848 2125 880 2154 et
903 2121 1044 2163 quietius
1060 2121 1161 2153 teneri
1177 2122 1290 2162 potest.
1339 2118 1383 2151 Et
1411 2130 1468 2151 nos
1494 2126 1525 2150 et
1549 2117 1680 2150 heredes
1695 2117 1797 2149 nostri

318 2193 401 2224 hanc
417 2191 623 2223 donationem
646 2195 787 2223 nostram
803 2192 914 2222 contra
930 2201 1039 2223 omnes
1055 2189 1201 2221 homines
1221 2188 1372 2230 predictis
1390 2211 1500 2220 .....
1519 2185 1798 2219 warantizabimus

318 2261 353 2293 in
369 2264 569 2303 perpetuum.
618 2259 663 2292 Et
688 2260 853 2292 sciendum
877 2260 963 2301 quod
985 2270 1043 2291 nos
1064 2269 1158 2300 super
1181 2256 1362 2289 sanctuaria
1383 2255 1524 2298 predicte
1551 2256 1666 2288 domus
1688 2265 1798 2288 omnes
