1998 2724
308 167 372 198 500

262 327 370 368 petere
389 324 520 357 omnino
543 323 685 356 desistat.
732 321 836 364 Super
860 320 1011 363 dampnis
1036 331 1110 352 vero
1134 320 1195 353 sibi
1214 320 1291 363 ipsis
1315 319 1500 365 alternatim
1522 320 1561 350 ut
1576 317 1742 350 dicebatur

261 394 413 437 irrogatis
430 420 436 426 .
454 394 530 436 quia
546 394 586 425 de
602 392 679 435 ipsis
691 392 787 435 plene
803 390 896 423 nobis
912 401 978 422 non
1001 388 1168 422 constabat
1186 415 1192 421 .
1209 400 1268 421 nec
1278 391 1359 421 esset
1371 388 1427 430 qui
1436 387 1564 430 plenius
1576 398 1671 430 super
1681 386 1744 419 hiis

264 476 322 498 nos
337 467 443 508 posset
459 463 632 496 certificare
650 488 655 494 .
674 461 838 504 provisum
862 460 927 492 fuit
951 471 971 491 a
993 459 1085 492 nobis
1108 459 1194 501 quod
1217 459 1360 500 dampna
1382 460 1414 490 et
1429 457 1550 500 injurie
1565 458 1644 488 tuno
1659 455 1745 488 inter

263 536 370 577 partes
390 534 531 576 irrogate
551 532 794 565 remitterentur
820 529 940 572 absque
965 528 1192 561 reclamatione
1215 528 1249 560 in
1273 530 1474 570 perpetuum.
1532 526 1646 558 Partes
1670 536 1744 557 vero

263 604 405 648 predicte
424 630 429 635 .
448 603 567 635 scssicet
583 601 680 634 abbas
697 613 753 643 pro
770 600 857 632 dicta
874 600 970 632 domo
992 610 1032 631 ex
1046 610 1112 631 una
1128 600 1218 640 parte
1236 624 1242 629 .
1260 599 1293 629 et
1310 597 1420 629 Rusvs
1435 596 1546 639 junior
1561 607 1601 628 ex
1618 595 1719 627 altera
1736 621 1742 627 .

263 685 369 706 coram
385 672 478 705 nobis
493 671 703 714 personaliter
718 670 892 702 existentes
910 695 916 701 .
934 680 991 711 pro
1007 680 1040 700 se
1056 670 1088 701 et
1101 666 1330 700 successoribus
1343 666 1407 698 suis
1423 667 1464 698 ad
1481 665 1633 698 standum
1650 676 1745 707 super

263 743 415 786 predictis
441 741 584 774 articulis
611 742 718 773 nostre
744 738 920 782 provisioni
945 741 977 770 et
1004 738 1137 770 arbitrio
1164 762 1170 769 .
1196 736 1295 770 abbas
1318 735 1438 768 seilicet
1467 735 1502 767 in
1527 734 1622 767 verbo
1646 733 1709 766 Dei
1734 759 1740 765 .

264 813 375 846 Rsssus
398 823 472 845 vero
493 811 645 854 inspectis
665 814 696 842 et
715 811 809 842 tactis
831 808 1037 841 sacrosanctis
1058 834 1063 840 .
1087 810 1285 840 sacramento
1307 817 1339 838 se
1363 805 1589 848 obligaverunt
1608 802 1743 836 submit-

261 885 366 915 tentes
382 894 414 914 se
430 881 561 914 omnino
576 880 794 923 jurisdictioni
810 882 841 911 et
863 878 1042 911 cohercioni
1058 877 1196 920 episcopi
1214 902 1220 908 .
1239 876 1265 908 si
1284 876 1367 907 forte
1391 874 1508 916 aliquis
1529 884 1640 906 eorum
1663 884 1743 905 ausu

259 952 429 985 temerario
452 951 593 993 predicte
616 952 723 982 nostre
747 948 923 992 provisioni
946 958 1129 991 presumere
1153 946 1250 978 vellet
1274 944 1454 977 contrahire
1480 969 1485 974 .
1504 943 1560 975 Ad
1581 942 1675 985 cujus
1695 942 1741 974 rei

260 1021 487 1054 certitudinem
508 1019 647 1062 presenti
673 1019 790 1061 scripto
812 1017 921 1061 sigilla
944 1019 1053 1049 nostra
1075 1026 1236 1058 apponere
1251 1014 1442 1046 curavimus.
1491 1012 1568 1044 Hiis
1583 1011 1718 1043 testibus
1736 1037 1742 1043 .

258 1092 414 1133 magistro
438 1090 594 1121 Rmfflno
617 1089 657 1120 de
680 1087 850 1120 KARLYON
877 1111 883 1116 .
908 1086 1051 1119 Domino
1076 1085 1272 1118 WILLELMO
1298 1083 1424 1115 Mum
1449 1108 1455 1113 .
1482 1082 1676 1114 Rinnmno
1704 1081 1744 1112 de

260 1160 359 1193 Novo
375 1159 505 1192 CASTRO
524 1185 529 1190 .
548 1158 569 1191 J
572 1168 715 1190 OHANNE
732 1157 938 1189 CAPELLANO
964 1181 970 1187 .
997 1155 1138 1187 Rocmzo
1155 1153 1296 1185 STURMY
1314 1178 1320 1184 .
1338 1151 1532 1184 YORUARDO
1548 1150 1588 1183 ab
1609 1149 1718 1182 Esrus
1736 1175 1743 1181 .

259 1234 290 1262 et
321 1229 433 1262 multis
463 1229 542 1261 aliis.
591 1227 716 1260 Datum
743 1238 829 1259 anno
861 1225 965 1268 gratie
998 1229 1044 1256 ΜΟ·
1069 1229 1122 1255 cc0·
1146 1228 1235 1255 xxx0·
1267 1228 1346 1254 111J0·
1371 1221 1452 1253 circa
1482 1221 1603 1253 festum
1633 1219 1744 1252 Sancti

261 1299 445 1332 Animosa.

304 1369 382 1401 Two
399 1369 489 1406 seals,
506 1367 586 1400 dark
602 1378 701 1409 green
717 1377 798 1397 wax.

306 1440 332 1470 1.
381 1436 648 1470 Obverse.—The
670 1435 804 1477 Bishop,
830 1434 894 1466 full
920 1432 1047 1475 length,
1072 1431 1151 1463 with
1178 1430 1318 1473 pastoral
1346 1429 1430 1463 staff.
1455 1428 1510 1461 the
1537 1427 1627 1471 right
1653 1427 1742 1459 hand

261 1508 401 1551 uplifted
417 1507 450 1539 in
466 1506 610 1549 blessing
626 1517 631 1537 :
665 1506 699 1537 in
716 1505 771 1536 the
787 1504 862 1536 field
879 1514 898 1535 a
913 1503 1054 1534 crescent
1069 1501 1134 1532 and
1150 1502 1224 1532 star.

560 1578 567 1592 ‘
580 1586 676 1606 ELIAS
694 1599 803 1606 .....
822 1583 908 1604 GRAC
926 1595 1036 1603 .....
1054 1581 1147 1602 ΕΝειε
1164 1580 1256 1601 EPISC
1274 1594 1383 1600 .....
1402 1567 1450 1599 s'.'

308 1645 536 1679 Reverse.-A
553 1644 646 1677 small
663 1643 795 1686 pointed
812 1642 885 1675 oval
901 1639 1108 1674 counterseal.
1156 1638 1190 1670 A
1204 1638 1295 1681 right
1309 1637 1398 1668 hand
1415 1636 1449 1668 of
1471 1635 1623 1678 blessing.

604 1716 612 1731 ‘
629 1719 661 1750 -4-
690 1711 847 1744 sncmzrn’
873 1721 951 1742 ELIE
975 1719 1208 1741 LANDAVENsm
1231 1706 1400 1739 EPISCOP1.'

307 1786 337 1817 2.
385 1784 486 1817 Small
502 1784 567 1816 seal
583 1783 617 1816 of
640 1795 681 1814 an
698 1782 808 1814 armed
823 1780 1003 1818 horseman,
1020 1778 1131 1820 riding
1147 1779 1180 1809 to
1196 1776 1251 1808 the
1267 1775 1336 1808 left.
1384 1774 1500 1807 Ooarse
1517 1773 1613 1806 work.

782 1854 789 1867 ‘
794 1874 930 1881 ......
948 1858 1033 1880 GAN1
1057 1858 1074 1878 c
1092 1872 1227 1878 ......
1233 1845 1240 1858 ’

309 1924 479 1957 Endorsed
491 1925 532 1946 -—‘
544 1921 670 1954 Finalis
682 1919 868 1962 compositio
878 1919 963 1951 inter
975 1918 1108 1950 domum
1118 1916 1157 1948 de
1170 1915 1310 1957 Mmgan
1321 1917 1353 1946 et
1366 1913 1488 1946 Resum
1495 1911 1563 1945 Goh
1573 1911 1745 1955 juniorem,

263 1996 301 2027 de
318 1997 403 2026 terra
418 1993 458 2025 de
474 1991 716 2034 Egliskeinwyr
732 2001 788 2032 per
803 1988 973 2021 arbitrium
991 1986 1076 2028 Elye
1092 1985 1231 2028 episcopi
1246 1982 1492 2016 Landavensis'
