<?xml version="1.0" encoding="UTF-8"?>
<!DOCTYPE html PUBLIC "-//W3C//DTD XHTML 1.0 Transitional//EN"
    "http://www.w3.org/TR/xhtml1/DTD/xhtml1-transitional.dtd">
<html xmlns="http://www.w3.org/1999/xhtml" xml:lang="en" lang="en">
 <head>
  <title>
</title>
<meta http-equiv="Content-Type" content="text/html;charset=utf-8" />
  <meta name='ocr-system' content='tesseract 3.04.00' />
  <meta name='ocr-capabilities' content='ocr_page ocr_carea ocr_par ocr_line ocrx_word'/>
</head>
<body>
  <div class='ocr_page' id='page_1' title='image "./cartaeetaliamuni02claruoft_0319.png"; bbox 0 0 1998 2724; ppageno 0'>
   <div class='ocr_carea' id='block_1_1' title="bbox 1551 178 1614 208">
    <p class='ocr_par' dir='ltr' id='par_1_1' title="bbox 1551 178 1614 208">
     <span class='ocr_line' id='line_1_1' title="bbox 1551 179 1570 208; textangle 90"><span class='ocrx_word' id='word_1_1' title='bbox 1551 179 1570 208; x_wconf 64' lang='lat' dir='ltr'>Ox</span> 
     </span>
     <span class='ocr_line' id='line_1_2' title="bbox 1573 178 1592 208; textangle 90"><span class='ocrx_word' id='word_1_2' title='bbox 1573 178 1592 208; x_wconf 69' lang='grc' dir='ltr'>ω</span> 
     </span>
     <span class='ocr_line' id='line_1_3' title="bbox 1596 178 1614 207; textangle 90"><span class='ocrx_word' id='word_1_3' title='bbox 1596 178 1614 207; x_wconf 67' lang='lat'>0·</span> 
     </span>
    </p>
   </div>
   <div class='ocr_carea' id='block_1_2' title="bbox 181 333 1665 2235">
    <p class='ocr_par' dir='ltr' id='par_1_2' title="bbox 181 333 1665 2235">
     <span class='ocr_line' id='line_1_4' title="bbox 182 333 1656 376; baseline 0.001 -11"><span class='ocrx_word' id='word_1_4' title='bbox 182 336 288 365; x_wconf 87' lang='lat' dir='ltr'>nostre</span> <span class='ocrx_word' id='word_1_5' title='bbox 305 344 383 375; x_wconf 83' lang='lat' dir='ltr'>quas</span> <span class='ocrx_word' id='word_1_6' title='bbox 399 333 518 365; x_wconf 87' lang='lat' dir='ltr'>eisdem</span> <span class='ocrx_word' id='word_1_7' title='bbox 532 333 697 365; x_wconf 78' lang='lat' dir='ltr'>monachis</span> <span class='ocrx_word' id='word_1_8' title='bbox 720 333 855 366; x_wconf 85' lang='lat' dir='ltr'>fecimus</span> <span class='ocrx_word' id='word_1_9' title='bbox 878 337 1046 367; x_wconf 75' lang='lat' dir='ltr'>testantur.</span> <span class='ocrx_word' id='word_1_10' title='bbox 1094 334 1141 366; x_wconf 80' lang='lat' dir='ltr'>Et</span> <span class='ocrx_word' id='word_1_11' title='bbox 1164 334 1222 366; x_wconf 88' lang='lat' dir='ltr'>hoc</span> <span class='ocrx_word' id='word_1_12' title='bbox 1245 334 1364 366; x_wconf 86' lang='lat' dir='ltr'>scilicet</span> <span class='ocrx_word' id='word_1_13' title='bbox 1387 334 1446 365; x_wconf 85' lang='lat' dir='ltr'>sub</span> <span class='ocrx_word' id='word_1_14' title='bbox 1462 346 1544 376; x_wconf 83' lang='lat' dir='ltr'>pena</span> <span class='ocrx_word' id='word_1_15' title='bbox 1560 334 1656 366; x_wconf 82' lang='lat' dir='ltr'>unius</span> 
     </span>
     <span class='ocr_line' id='line_1_5' title="bbox 181 402 1657 446; baseline 0.001 -12"><span class='ocrx_word' id='word_1_16' title='bbox 181 414 286 435; x_wconf 78' lang='lat' dir='ltr'>marce</span> <span class='ocrx_word' id='word_1_17' title='bbox 302 402 364 434; x_wconf 88' lang='lat' dir='ltr'>nisi</span> <span class='ocrx_word' id='word_1_18' title='bbox 379 402 458 434; x_wconf 84' lang='lat' dir='ltr'>dicti</span> <span class='ocrx_word' id='word_1_19' title='bbox 472 402 617 434; x_wconf 88' lang='lat' dir='ltr'>redditus</span> <span class='ocrx_word' id='word_1_20' title='bbox 632 413 651 434; x_wconf 91' lang='lat' dir='ltr'>a</span> <span class='ocrx_word' id='word_1_21' title='bbox 666 402 759 435; x_wconf 88' lang='lat' dir='ltr'>nobis</span> <span class='ocrx_word' id='word_1_22' title='bbox 774 405 806 435; x_wconf 91' lang='lat' dir='ltr'>et</span> <span class='ocrx_word' id='word_1_23' title='bbox 821 403 991 436; x_wconf 80' lang='lat' dir='ltr'>heredibus</span> <span class='ocrx_word' id='word_1_24' title='bbox 1013 404 1130 436; x_wconf 78' lang='lat' dir='ltr'>nostris</span> <span class='ocrx_word' id='word_1_25' title='bbox 1144 403 1231 436; x_wconf 77' lang='lat' dir='ltr'>infra</span> <span class='ocrx_word' id='word_1_26' title='bbox 1247 403 1431 446; x_wconf 87' lang='lat' dir='ltr'>quindecim</span> <span class='ocrx_word' id='word_1_27' title='bbox 1447 403 1515 435; x_wconf 90' lang='lat' dir='ltr'>dies</span> <span class='ocrx_word' id='word_1_28' title='bbox 1530 415 1548 435; x_wconf 88' lang='lat' dir='ltr'>a</span> <span class='ocrx_word' id='word_1_29' title='bbox 1564 403 1657 435; x_wconf 86' lang='lat' dir='ltr'>dictis</span> 
     </span>
     <span class='ocr_line' id='line_1_6' title="bbox 183 471 1657 515; baseline 0.001 -13"><span class='ocrx_word' id='word_1_30' title='bbox 183 471 328 503; x_wconf 85' lang='lat' dir='ltr'>terminis</span> <span class='ocrx_word' id='word_1_31' title='bbox 350 473 384 502; x_wconf 87' lang='lat' dir='ltr'>in</span> <span class='ocrx_word' id='word_1_32' title='bbox 407 473 600 512; x_wconf 83' lang='lat' dir='ltr'>perpetuum</span> <span class='ocrx_word' id='word_1_33' title='bbox 622 471 745 503; x_wconf 74' lang='lat' dir='ltr'>fuerint</span> <span class='ocrx_word' id='word_1_34' title='bbox 768 472 930 514; x_wconf 85' lang='lat' dir='ltr'>persoluti.</span> <span class='ocrx_word' id='word_1_35' title='bbox 979 472 1168 505; x_wconf 77' lang='lat' dir='ltr'>Juravimus</span> <span class='ocrx_word' id='word_1_36' title='bbox 1190 473 1320 515; x_wconf 81' lang='lat' dir='ltr'>insuper</span> <span class='ocrx_word' id='word_1_37' title='bbox 1342 483 1437 515; x_wconf 86' lang='lat' dir='ltr'>snper</span> <span class='ocrx_word' id='word_1_38' title='bbox 1460 475 1657 504; x_wconf 86' lang='lat' dir='ltr'>sacrosancta</span> 
     </span>
     <span class='ocr_line' id='line_1_7' title="bbox 183 539 1657 584; baseline 0.001 -12"><span class='ocrx_word' id='word_1_39' title='bbox 183 540 310 572; x_wconf 80' lang='lat' dir='ltr'>ecclesie</span> <span class='ocrx_word' id='word_1_40' title='bbox 325 540 365 572; x_wconf 87' lang='lat' dir='ltr'>de</span> <span class='ocrx_word' id='word_1_41' title='bbox 381 539 536 572; x_wconf 60' lang='lat' dir='ltr'>MARGAN</span> <span class='ocrx_word' id='word_1_42' title='bbox 553 540 639 582; x_wconf 85' lang='lat' dir='ltr'>quod</span> <span class='ocrx_word' id='word_1_43' title='bbox 654 552 822 582; x_wconf 88' lang='lat' dir='ltr'>nunquam</span> <span class='ocrx_word' id='word_1_44' title='bbox 838 553 896 573; x_wconf 87' lang='lat' dir='ltr'>nos</span> <span class='ocrx_word' id='word_1_45' title='bbox 914 567 919 573; x_wconf 94' lang='lat'>.</span> <span class='ocrx_word' id='word_1_46' title='bbox 937 554 995 574; x_wconf 88' lang='lat' dir='ltr'>nec</span> <span class='ocrx_word' id='word_1_47' title='bbox 1014 542 1159 575; x_wconf 88' lang='lat' dir='ltr'>homines</span> <span class='ocrx_word' id='word_1_48' title='bbox 1178 542 1278 574; x_wconf 84' lang='lat' dir='ltr'>nostri</span> <span class='ocrx_word' id='word_1_49' title='bbox 1295 568 1301 573; x_wconf 94' lang='lat'>.</span> <span class='ocrx_word' id='word_1_50' title='bbox 1320 553 1377 574; x_wconf 91' lang='lat' dir='ltr'>nec</span> <span class='ocrx_word' id='word_1_51' title='bbox 1397 541 1513 584; x_wconf 78' lang='lat' dir='ltr'>aliquis</span> <span class='ocrx_word' id='word_1_52' title='bbox 1527 552 1584 583; x_wconf 88' lang='lat' dir='ltr'>per</span> <span class='ocrx_word' id='word_1_53' title='bbox 1599 552 1657 573; x_wconf 90' lang='lat' dir='ltr'>nos</span> 
     </span>
     <span class='ocr_line' id='line_1_8' title="bbox 182 609 1658 653; baseline 0.001 -12"><span class='ocrx_word' id='word_1_54' title='bbox 182 609 375 641; x_wconf 76' lang='lat' dir='ltr'>intrabimus</span> <span class='ocrx_word' id='word_1_55' title='bbox 385 620 458 641; x_wconf 83' lang='lat' dir='ltr'>cum</span> <span class='ocrx_word' id='word_1_56' title='bbox 471 609 665 641; x_wconf 70' lang='lat' dir='ltr'>animalibus</span> <span class='ocrx_word' id='word_1_57' title='bbox 677 635 683 641; x_wconf 91' lang='lat'><strong>.</strong></span> <span class='ocrx_word' id='word_1_58' title='bbox 698 610 815 642; x_wconf 79' lang='lat' dir='ltr'>scilicet</span> <span class='ocrx_word' id='word_1_59' title='bbox 829 610 960 652; x_wconf 85' lang='lat' dir='ltr'>equiciis</span> <span class='ocrx_word' id='word_1_60' title='bbox 976 637 981 642; x_wconf 92' lang='lat'><em>.</em></span> <span class='ocrx_word' id='word_1_61' title='bbox 996 610 1097 643; x_wconf 89' lang='lat' dir='ltr'>bobus</span> <span class='ocrx_word' id='word_1_62' title='bbox 1111 637 1117 642; x_wconf 96' lang='lat'>.</span> <span class='ocrx_word' id='word_1_63' title='bbox 1130 611 1232 653; x_wconf 86' lang='lat' dir='ltr'>capris</span> <span class='ocrx_word' id='word_1_64' title='bbox 1246 637 1251 643; x_wconf 95' lang='lat'>.</span> <span class='ocrx_word' id='word_1_65' title='bbox 1267 611 1369 653; x_wconf 88' lang='lat' dir='ltr'>porcis</span> <span class='ocrx_word' id='word_1_66' title='bbox 1383 637 1387 642; x_wconf 94' lang='lat'>.</span> <span class='ocrx_word' id='word_1_67' title='bbox 1401 622 1456 642; x_wconf 87' lang='lat' dir='ltr'>seu</span> <span class='ocrx_word' id='word_1_68' title='bbox 1472 609 1658 642; x_wconf 77' lang='lat' dir='ltr'>bidentibus</span> 
     </span>
     <span class='ocr_line' id='line_1_9' title="bbox 183 679 1657 723; baseline 0.001 -13"><span class='ocrx_word' id='word_1_69' title='bbox 183 679 224 711; x_wconf 81' lang='lat' dir='ltr'>ad</span> <span class='ocrx_word' id='word_1_70' title='bbox 240 679 415 721; x_wconf 87' lang='lat' dir='ltr'>pascandas</span> <span class='ocrx_word' id='word_1_71' title='bbox 429 680 530 710; x_wconf 85' lang='lat' dir='ltr'>terras</span> <span class='ocrx_word' id='word_1_72' title='bbox 545 679 704 710; x_wconf 78' lang='lat' dir='ltr'>dictorum</span> <span class='ocrx_word' id='word_1_73' title='bbox 720 679 949 711; x_wconf 84' lang='lat' dir='ltr'>monachorum</span> <span class='ocrx_word' id='word_1_74' title='bbox 967 680 1032 712; x_wconf 90' lang='lat' dir='ltr'>ullo</span> <span class='ocrx_word' id='word_1_75' title='bbox 1049 682 1191 723; x_wconf 87' lang='lat' dir='ltr'>tempore</span> <span class='ocrx_word' id='word_1_76' title='bbox 1207 681 1283 712; x_wconf 86' lang='lat' dir='ltr'>anni</span> <span class='ocrx_word' id='word_1_77' title='bbox 1301 680 1368 711; x_wconf 88' lang='lat' dir='ltr'>sine</span> <span class='ocrx_word' id='word_1_78' title='bbox 1385 680 1513 722; x_wconf 84' lang='lat' dir='ltr'>speciali</span> <span class='ocrx_word' id='word_1_79' title='bbox 1528 680 1657 712; x_wconf 77' lang='lat' dir='ltr'>licentia</span> 
     </span>
     <span class='ocr_line' id='line_1_10' title="bbox 182 747 1657 792; baseline 0.001 -13"><span class='ocrx_word' id='word_1_80' title='bbox 182 747 307 780; x_wconf 86' lang='lat' dir='ltr'>abbatis</span> <span class='ocrx_word' id='word_1_81' title='bbox 322 747 372 779; x_wconf 85' lang='lat' dir='ltr'>vel</span> <span class='ocrx_word' id='word_1_82' title='bbox 388 747 511 790; x_wconf 87' lang='lat' dir='ltr'>prioris.</span> <span class='ocrx_word' id='word_1_83' title='bbox 558 747 628 780; x_wconf 87' lang='lat' dir='ltr'>Nec</span> <span class='ocrx_word' id='word_1_84' title='bbox 643 748 678 779; x_wconf 88' lang='lat' dir='ltr'>in</span> <span class='ocrx_word' id='word_1_85' title='bbox 694 748 843 781; x_wconf 67' lang='lat' dir='ltr'>domibus</span> <span class='ocrx_word' id='word_1_86' title='bbox 866 760 975 781; x_wconf 83' lang='lat' dir='ltr'>eorum</span> <span class='ocrx_word' id='word_1_87' title='bbox 998 749 1201 782; x_wconf 88' lang='lat' dir='ltr'>manebimus</span> <span class='ocrx_word' id='word_1_88' title='bbox 1219 776 1224 781; x_wconf 90' lang='lat'>.</span> <span class='ocrx_word' id='word_1_89' title='bbox 1242 761 1301 782; x_wconf 90' lang='lat' dir='ltr'>nee</span> <span class='ocrx_word' id='word_1_90' title='bbox 1324 750 1358 781; x_wconf 85' lang='lat' dir='ltr'>in</span> <span class='ocrx_word' id='word_1_91' title='bbox 1381 761 1466 792; x_wconf 83' lang='lat' dir='ltr'>aqua</span> <span class='ocrx_word' id='word_1_92' title='bbox 1489 749 1528 781; x_wconf 91' lang='lat' dir='ltr'>de</span> <span class='ocrx_word' id='word_1_93' title='bbox 1552 748 1657 781; x_wconf 79' lang='lat' dir='ltr'>NETH</span> 
     </span>
     <span class='ocr_line' id='line_1_11' title="bbox 183 816 1659 859; baseline 0.001 -11"><span class='ocrx_word' id='word_1_94' title='bbox 183 816 270 848; x_wconf 74' lang='lat' dir='ltr'>infra</span> <span class='ocrx_word' id='word_1_95' title='bbox 280 816 398 848; x_wconf 86' lang='lat' dir='ltr'>divisas</span> <span class='ocrx_word' id='word_1_96' title='bbox 407 816 566 848; x_wconf 85' lang='lat' dir='ltr'>dictorum</span> <span class='ocrx_word' id='word_1_97' title='bbox 577 816 806 849; x_wconf 86' lang='lat' dir='ltr'>monachorum</span> <span class='ocrx_word' id='word_1_98' title='bbox 817 817 1012 859; x_wconf 77' lang='lat' dir='ltr'>piscabimur</span> <span class='ocrx_word' id='word_1_99' title='bbox 1023 818 1156 850; x_wconf 84' lang='lat' dir='ltr'>.scilicet</span> <span class='ocrx_word' id='word_1_100' title='bbox 1177 818 1279 850; x_wconf 64' lang='lat' dir='ltr'>ABER</span> <span class='ocrx_word' id='word_1_101' title='bbox 1303 817 1489 850; x_wconf 72' lang='lat' dir='ltr'>OLEUDACH</span> <span class='ocrx_word' id='word_1_102' title='bbox 1502 822 1547 849; x_wconf 87' lang='lat' dir='ltr'>.et</span> <span class='ocrx_word' id='word_1_103' title='bbox 1558 819 1659 850; x_wconf 81' lang='lat' dir='ltr'>ABER</span> 
     </span>
     <span class='ocr_line' id='line_1_12' title="bbox 186 884 1660 930; baseline 0.001 -12"><span class='ocrx_word' id='word_1_104' title='bbox 186 884 321 918; x_wconf 75' lang='lat' dir='ltr'>WRACH</span> <span class='ocrx_word' id='word_1_105' title='bbox 346 911 352 917; x_wconf 87' lang='lat'><strong>.</strong></span> <span class='ocrx_word' id='word_1_106' title='bbox 377 897 436 917; x_wconf 88' lang='lat' dir='ltr'>nec</span> <span class='ocrx_word' id='word_1_107' title='bbox 456 885 535 918; x_wconf 87' lang='lat' dir='ltr'>alios</span> <span class='ocrx_word' id='word_1_108' title='bbox 558 886 644 918; x_wconf 91' lang='lat' dir='ltr'>idem</span> <span class='ocrx_word' id='word_1_109' title='bbox 671 885 775 918; x_wconf 79' lang='lat' dir='ltr'>facere</span> <span class='ocrx_word' id='word_1_110' title='bbox 798 898 856 929; x_wconf 88' lang='lat' dir='ltr'>pro</span> <span class='ocrx_word' id='word_1_111' title='bbox 874 887 996 919; x_wconf 79' lang='lat' dir='ltr'>viribus</span> <span class='ocrx_word' id='word_1_112' title='bbox 1016 887 1132 920; x_wconf 85' lang='lat' dir='ltr'>nostris</span> <span class='ocrx_word' id='word_1_113' title='bbox 1152 888 1385 930; x_wconf 80' lang='lat' dir='ltr'>permittemus.</span> <span class='ocrx_word' id='word_1_114' title='bbox 1432 887 1477 919; x_wconf 88' lang='lat' dir='ltr'>Et</span> <span class='ocrx_word' id='word_1_115' title='bbox 1499 890 1535 919; x_wconf 89' lang='lat' dir='ltr'>ut</span> <span class='ocrx_word' id='word_1_116' title='bbox 1552 888 1660 920; x_wconf 79' lang='lat' dir='ltr'>omnia</span> 
     </span>
     <span class='ocr_line' id='line_1_13' title="bbox 182 954 1657 999; baseline 0.002 -13"><span class='ocrx_word' id='word_1_117' title='bbox 182 955 326 997; x_wconf 83' lang='lat' dir='ltr'>predicta</span> <span class='ocrx_word' id='word_1_118' title='bbox 341 966 359 986; x_wconf 79' lang='lat' dir='ltr'>a</span> <span class='ocrx_word' id='word_1_119' title='bbox 374 954 467 987; x_wconf 90' lang='lat' dir='ltr'>nobis</span> <span class='ocrx_word' id='word_1_120' title='bbox 483 958 514 986; x_wconf 86' lang='lat' dir='ltr'>et</span> <span class='ocrx_word' id='word_1_121' title='bbox 529 955 700 987; x_wconf 84' lang='lat' dir='ltr'>heredibus</span> <span class='ocrx_word' id='word_1_122' title='bbox 717 956 833 987; x_wconf 82' lang='lat' dir='ltr'>nostris</span> <span class='ocrx_word' id='word_1_123' title='bbox 848 956 985 988; x_wconf 86' lang='lat' dir='ltr'>fideliter</span> <span class='ocrx_word' id='word_1_124' title='bbox 998 959 1030 988; x_wconf 90' lang='lat' dir='ltr'>et</span> <span class='ocrx_word' id='word_1_125' title='bbox 1046 957 1114 988; x_wconf 88' lang='lat' dir='ltr'>sine</span> <span class='ocrx_word' id='word_1_126' title='bbox 1130 957 1203 989; x_wconf 91' lang='lat' dir='ltr'>dolo</span> <span class='ocrx_word' id='word_1_127' title='bbox 1216 959 1387 989; x_wconf 88' lang='lat' dir='ltr'>teneantur</span> <span class='ocrx_word' id='word_1_128' title='bbox 1410 957 1445 989; x_wconf 90' lang='grc'>111</span> <span class='ocrx_word' id='word_1_129' title='bbox 1470 959 1634 999; x_wconf 83' lang='lat' dir='ltr'>posterum</span> <span class='ocrx_word' id='word_1_130' title='bbox 1653 984 1657 988; x_wconf 91' lang='lat'><em>.</em></span> 
     </span>
     <span class='ocr_line' id='line_1_14' title="bbox 183 1024 1660 1066; baseline 0.002 -11"><span class='ocrx_word' id='word_1_131' title='bbox 183 1025 331 1056; x_wconf 87' lang='lat' dir='ltr'>volumus</span> <span class='ocrx_word' id='word_1_132' title='bbox 358 1025 443 1066; x_wconf 85' lang='lat' dir='ltr'>quod</span> <span class='ocrx_word' id='word_1_133' title='bbox 467 1025 495 1056; x_wconf 87' lang='lat' dir='ltr'>si</span> <span class='ocrx_word' id='word_1_134' title='bbox 521 1028 631 1056; x_wconf 87' lang='lat' dir='ltr'>contra</span> <span class='ocrx_word' id='word_1_135' title='bbox 658 1024 741 1057; x_wconf 85' lang='lat' dir='ltr'>hanc</span> <span class='ocrx_word' id='word_1_136' title='bbox 768 1027 889 1057; x_wconf 79' lang='lat' dir='ltr'>cartam</span> <span class='ocrx_word' id='word_1_137' title='bbox 916 1028 1058 1057; x_wconf 86' lang='lat' dir='ltr'>nostram</span> <span class='ocrx_word' id='word_1_138' title='bbox 1088 1037 1147 1058; x_wconf 88' lang='lat' dir='ltr'>nos</span> <span class='ocrx_word' id='word_1_139' title='bbox 1177 1037 1233 1058; x_wconf 90' lang='lat' dir='ltr'>seu</span> <span class='ocrx_word' id='word_1_140' title='bbox 1258 1026 1392 1058; x_wconf 83' lang='lat' dir='ltr'>heredes</span> <span class='ocrx_word' id='word_1_141' title='bbox 1419 1027 1521 1059; x_wconf 86' lang='lat' dir='ltr'>no&#39;stri</span> <span class='ocrx_word' id='word_1_142' title='bbox 1551 1027 1660 1059; x_wconf 77' lang='lat' dir='ltr'>venire</span> 
     </span>
     <span class='ocr_line' id='line_1_15' title="bbox 184 1093 1659 1138; baseline 0.003 -14"><span class='ocrx_word' id='word_1_143' title='bbox 184 1093 469 1135; x_wconf 83' lang='lat' dir='ltr'>presumpserimus</span> <span class='ocrx_word' id='word_1_144' title='bbox 485 1093 659 1135; x_wconf 79' lang='lat' dir='ltr'>aliquando</span> <span class='ocrx_word' id='word_1_145' title='bbox 676 1094 762 1136; x_wconf 87' lang='lat' dir='ltr'>quod</span> <span class='ocrx_word' id='word_1_146' title='bbox 778 1094 861 1126; x_wconf 80' lang='lat' dir='ltr'>absit</span> <span class='ocrx_word' id='word_1_147' title='bbox 879 1120 884 1126; x_wconf 97' lang='lat'>.</span> <span class='ocrx_word' id='word_1_148' title='bbox 903 1097 940 1126; x_wconf 85' lang='lat' dir='ltr'>ut</span> <span class='ocrx_word' id='word_1_149' title='bbox 956 1095 1065 1126; x_wconf 83' lang='lat' dir='ltr'>statim</span> <span class='ocrx_word' id='word_1_150' title='bbox 1079 1096 1401 1127; x_wconf 79' lang='lat' dir='ltr'>excommunicationi</span> <span class='ocrx_word' id='word_1_151' title='bbox 1417 1095 1640 1138; x_wconf 78' lang='lat' dir='ltr'>subjaceamus</span> <span class='ocrx_word' id='word_1_152' title='bbox 1654 1122 1659 1128; x_wconf 87' lang='lat'>.</span> 
     </span>
     <span class='ocr_line' id='line_1_16' title="bbox 184 1162 1661 1207; baseline 0.003 -13"><span class='ocrx_word' id='word_1_153' title='bbox 184 1165 215 1194; x_wconf 90' lang='lat' dir='ltr'>et</span> <span class='ocrx_word' id='word_1_154' title='bbox 234 1164 303 1194; x_wconf 85' lang='lat' dir='ltr'>tota</span> <span class='ocrx_word' id='word_1_155' title='bbox 323 1166 409 1194; x_wconf 83' lang='lat' dir='ltr'>terra</span> <span class='ocrx_word' id='word_1_156' title='bbox 426 1164 537 1194; x_wconf 83' lang='lat' dir='ltr'>nostra</span> <span class='ocrx_word' id='word_1_157' title='bbox 557 1162 729 1195; x_wconf 82' lang='lat' dir='ltr'>interdicto</span> <span class='ocrx_word' id='word_1_158' title='bbox 751 1165 892 1206; x_wconf 84' lang='lat' dir='ltr'>ponatur</span> <span class='ocrx_word' id='word_1_159' title='bbox 912 1163 980 1195; x_wconf 79' lang='lat' dir='ltr'>sine</span> <span class='ocrx_word' id='word_1_160' title='bbox 1003 1164 1158 1196; x_wconf 85' lang='lat' dir='ltr'>dilatione</span> <span class='ocrx_word' id='word_1_161' title='bbox 1182 1190 1187 1196; x_wconf 92' lang='lat'><strong>.</strong></span> <span class='ocrx_word' id='word_1_162' title='bbox 1214 1164 1261 1196; x_wconf 82' lang='lat' dir='ltr'>ita</span> <span class='ocrx_word' id='word_1_163' title='bbox 1286 1165 1382 1207; x_wconf 89' lang='lat' dir='ltr'>plane</span> <span class='ocrx_word' id='word_1_164' title='bbox 1406 1167 1443 1197; x_wconf 88' lang='lat' dir='ltr'>ut</span> <span class='ocrx_word' id='word_1_165' title='bbox 1465 1164 1661 1198; x_wconf 80' lang='lat' dir='ltr'>cessantibus</span> 
     </span>
     <span class='ocr_line' id='line_1_17' title="bbox 184 1231 1662 1276; baseline 0.002 -13"><span class='ocrx_word' id='word_1_166' title='bbox 184 1231 303 1263; x_wconf 77' lang='lat' dir='ltr'>divinis</span> <span class='ocrx_word' id='word_1_167' title='bbox 320 1257 326 1263; x_wconf 86' lang='lat'><strong><em>.</em></strong></span> <span class='ocrx_word' id='word_1_168' title='bbox 344 1242 507 1264; x_wconf 81' lang='lat' dir='ltr'>careamus</span> <span class='ocrx_word' id='word_1_169' title='bbox 522 1243 580 1263; x_wconf 89' lang='lat' dir='ltr'>nos</span> <span class='ocrx_word' id='word_1_170' title='bbox 596 1234 628 1263; x_wconf 91' lang='lat' dir='ltr'>et</span> <span class='ocrx_word' id='word_1_171' title='bbox 643 1231 789 1264; x_wconf 79' lang='lat' dir='ltr'>homines</span> <span class='ocrx_word' id='word_1_172' title='bbox 805 1232 905 1264; x_wconf 82' lang='lat' dir='ltr'>nostri</span> <span class='ocrx_word' id='word_1_173' title='bbox 922 1233 1068 1264; x_wconf 89' lang='lat' dir='ltr'>fidelium</span> <span class='ocrx_word' id='word_1_174' title='bbox 1083 1233 1256 1276; x_wconf 76' lang='lat' dir='ltr'>sepulturis</span> <span class='ocrx_word' id='word_1_175' title='bbox 1274 1259 1280 1265; x_wconf 85' lang='lat'><strong>.</strong></span> <span class='ocrx_word' id='word_1_176' title='bbox 1298 1234 1398 1266; x_wconf 87' lang='lat' dir='ltr'>donec</span> <span class='ocrx_word' id='word_1_177' title='bbox 1414 1234 1556 1276; x_wconf 84' lang='lat' dir='ltr'>plenarie</span> <span class='ocrx_word' id='word_1_178' title='bbox 1569 1234 1662 1267; x_wconf 81' lang='lat' dir='ltr'>dictis</span> 
     </span>
     <span class='ocr_line' id='line_1_18' title="bbox 184 1299 1663 1345; baseline 0.003 -14"><span class='ocrx_word' id='word_1_179' title='bbox 184 1299 349 1332; x_wconf 81' lang='lat' dir='ltr'>monachis</span> <span class='ocrx_word' id='word_1_180' title='bbox 375 1299 629 1332; x_wconf 78' lang='lat' dir='ltr'>satisfecerimus.</span> <span class='ocrx_word' id='word_1_181' title='bbox 687 1300 734 1332; x_wconf 77' lang='lat' dir='ltr'>Et</span> <span class='ocrx_word' id='word_1_182' title='bbox 760 1301 802 1332; x_wconf 84' lang='lat' dir='ltr'>ad</span> <span class='ocrx_word' id='word_1_183' title='bbox 826 1301 983 1343; x_wconf 82' lang='lat' dir='ltr'>majorem</span> <span class='ocrx_word' id='word_1_184' title='bbox 1010 1302 1212 1334; x_wconf 83' lang='lat' dir='ltr'>securitatem</span> <span class='ocrx_word' id='word_1_185' title='bbox 1236 1302 1381 1334; x_wconf 86' lang='lat' dir='ltr'>omnium</span> <span class='ocrx_word' id='word_1_186' title='bbox 1408 1303 1663 1345; x_wconf 77' lang='lat' dir='ltr'>supradictorum</span> 
     </span>
     <span class='ocr_line' id='line_1_19' title="bbox 184 1368 1662 1412; baseline 0.003 -12"><span class='ocrx_word' id='word_1_187' title='bbox 184 1369 278 1400; x_wconf 82' lang='lat' dir='ltr'>dictis</span> <span class='ocrx_word' id='word_1_188' title='bbox 295 1368 459 1401; x_wconf 89' lang='lat' dir='ltr'>monachis</span> <span class='ocrx_word' id='word_1_189' title='bbox 477 1369 536 1401; x_wconf 92' lang='lat' dir='ltr'>hos</span> <span class='ocrx_word' id='word_1_190' title='bbox 562 1369 686 1412; x_wconf 85' lang='lat' dir='ltr'>plegios</span> <span class='ocrx_word' id='word_1_191' title='bbox 711 1369 894 1402; x_wconf 78' lang='lat' dir='ltr'>invenimus</span> <span class='ocrx_word' id='word_1_192' title='bbox 921 1397 926 1402; x_wconf 94' lang='lat'>.</span> <span class='ocrx_word' id='word_1_193' title='bbox 956 1370 1105 1403; x_wconf 88' lang='lat' dir='ltr'>videlicet</span> <span class='ocrx_word' id='word_1_194' title='bbox 1134 1370 1327 1403; x_wconf 71' lang='lat' dir='ltr'>LEYSANUM</span> <span class='ocrx_word' id='word_1_195' title='bbox 1359 1372 1463 1404; x_wconf 82' lang='lat' dir='ltr'>filium</span> <span class='ocrx_word' id='word_1_196' title='bbox 1494 1371 1662 1404; x_wconf 25' lang='lat' dir='ltr'>Monetam</span> 
     </span>
     <span class='ocr_line' id='line_1_20' title="bbox 186 1437 1664 1482; baseline 0.003 -13"><span class='ocrx_word' id='word_1_197' title='bbox 186 1437 290 1470; x_wconf 77' lang='lat' dir='ltr'>CHAM</span> <span class='ocrx_word' id='word_1_198' title='bbox 314 1438 481 1470; x_wconf 79' lang='lat' dir='ltr'>dominum</span> <span class='ocrx_word' id='word_1_199' title='bbox 502 1440 648 1470; x_wconf 86' lang='lat' dir='ltr'>nostrum</span> <span class='ocrx_word' id='word_1_200' title='bbox 670 1464 677 1470; x_wconf 89' lang='lat'>.</span> <span class='ocrx_word' id='word_1_201' title='bbox 698 1442 730 1470; x_wconf 88' lang='lat' dir='ltr'>et</span> <span class='ocrx_word' id='word_1_202' title='bbox 751 1439 884 1471; x_wconf 87' lang='lat' dir='ltr'>heredes</span> <span class='ocrx_word' id='word_1_203' title='bbox 907 1439 1053 1481; x_wconf 85' lang='lat' dir='ltr'>ejusdem</span> <span class='ocrx_word' id='word_1_204' title='bbox 1070 1466 1076 1471; x_wconf 91' lang='lat'>.</span> <span class='ocrx_word' id='word_1_205' title='bbox 1095 1440 1188 1482; x_wconf 79' lang='lat' dir='ltr'>cujus</span> <span class='ocrx_word' id='word_1_206' title='bbox 1207 1440 1338 1473; x_wconf 87' lang='lat' dir='ltr'>consilio</span> <span class='ocrx_word' id='word_1_207' title='bbox 1363 1466 1369 1472; x_wconf 95' lang='lat'>.</span> <span class='ocrx_word' id='word_1_208' title='bbox 1393 1441 1592 1473; x_wconf 80' lang='lat' dir='ltr'>concessione</span> <span class='ocrx_word' id='word_1_209' title='bbox 1610 1467 1616 1473; x_wconf 95' lang='lat'>.</span> <span class='ocrx_word' id='word_1_210' title='bbox 1634 1445 1664 1474; x_wconf 90' lang='lat' dir='ltr'>et</span> 
     </span>
     <span class='ocr_line' id='line_1_21' title="bbox 185 1507 1665 1552; baseline 0.003 -13"><span class='ocrx_word' id='word_1_211' title='bbox 185 1508 352 1540; x_wconf 86' lang='lat' dir='ltr'>voluntate</span> <span class='ocrx_word' id='word_1_212' title='bbox 366 1507 449 1540; x_wconf 89' lang='lat' dir='ltr'>hane</span> <span class='ocrx_word' id='word_1_213' title='bbox 464 1508 666 1540; x_wconf 84' lang='lat' dir='ltr'>concordiam</span> <span class='ocrx_word' id='word_1_214' title='bbox 686 1508 830 1541; x_wconf 80' lang='lat' dir='ltr'>fecimus.</span> <span class='ocrx_word' id='word_1_215' title='bbox 877 1508 952 1541; x_wconf 87' lang='lat' dir='ltr'>Nisi</span> <span class='ocrx_word' id='word_1_216' title='bbox 968 1510 1068 1541; x_wconf 83' lang='lat' dir='ltr'>eciam</span> <span class='ocrx_word' id='word_1_217' title='bbox 1084 1521 1121 1541; x_wconf 89' lang='lat' dir='ltr'>ea</span> <span class='ocrx_word' id='word_1_218' title='bbox 1143 1521 1206 1552; x_wconf 88' lang='lat' dir='ltr'>que</span> <span class='ocrx_word' id='word_1_219' title='bbox 1228 1510 1372 1552; x_wconf 82' lang='lat' dir='ltr'>predicta</span> <span class='ocrx_word' id='word_1_220' title='bbox 1395 1513 1472 1542; x_wconf 89' lang='lat' dir='ltr'>sunt</span> <span class='ocrx_word' id='word_1_221' title='bbox 1495 1511 1630 1543; x_wconf 79' lang='lat' dir='ltr'>firmiter</span> <span class='ocrx_word' id='word_1_222' title='bbox 1646 1523 1665 1543; x_wconf 91' lang='lat' dir='ltr'>a</span> 
     </span>
     <span class='ocr_line' id='line_1_22' title="bbox 184 1576 1662 1613; baseline 0.003 -5"><span class='ocrx_word' id='word_1_223' title='bbox 184 1576 277 1609; x_wconf 88' lang='lat' dir='ltr'>nobis</span> <span class='ocrx_word' id='word_1_224' title='bbox 292 1578 324 1609; x_wconf 86' lang='lat' dir='ltr'>et</span> <span class='ocrx_word' id='word_1_225' title='bbox 339 1576 509 1609; x_wconf 87' lang='lat' dir='ltr'>heredibus</span> <span class='ocrx_word' id='word_1_226' title='bbox 523 1577 640 1609; x_wconf 80' lang='lat' dir='ltr'>nostris</span> <span class='ocrx_word' id='word_1_227' title='bbox 655 1577 779 1610; x_wconf 78' lang='lat' dir='ltr'>fuerint</span> <span class='ocrx_word' id='word_1_228' title='bbox 794 1579 952 1610; x_wconf 75' lang='lat' dir='ltr'>custodita</span> <span class='ocrx_word' id='word_1_229' title='bbox 970 1605 975 1610; x_wconf 92' lang='lat'><em>.</em></span> <span class='ocrx_word' id='word_1_230' title='bbox 994 1579 1195 1611; x_wconf 80' lang='lat' dir='ltr'>concedimus</span> <span class='ocrx_word' id='word_1_231' title='bbox 1207 1582 1244 1611; x_wconf 89' lang='lat' dir='ltr'>ut</span> <span class='ocrx_word' id='word_1_232' title='bbox 1255 1579 1367 1612; x_wconf 86' lang='lat' dir='ltr'>ballivi</span> <span class='ocrx_word' id='word_1_233' title='bbox 1378 1580 1502 1612; x_wconf 85' lang='lat' dir='ltr'>domiui</span> <span class='ocrx_word' id='word_1_234' title='bbox 1514 1580 1638 1612; x_wconf 87' lang='lat' dir='ltr'>comitis</span> <span class='ocrx_word' id='word_1_235' title='bbox 1655 1607 1662 1613; x_wconf 86' lang='lat'><strong><em>.</em></strong></span> 
     </span>
     <span class='ocr_line' id='line_1_23' title="bbox 185 1646 1662 1682; baseline 0.002 -4"><span class='ocrx_word' id='word_1_236' title='bbox 185 1649 218 1678; x_wconf 89' lang='lat' dir='ltr'>et</span> <span class='ocrx_word' id='word_1_237' title='bbox 232 1646 373 1678; x_wconf 84' lang='lat' dir='ltr'>maxime</span> <span class='ocrx_word' id='word_1_238' title='bbox 388 1646 500 1678; x_wconf 85' lang='lat' dir='ltr'>ballivi</span> <span class='ocrx_word' id='word_1_239' title='bbox 516 1649 690 1679; x_wconf 81' lang='lat' dir='ltr'>castrorum</span> <span class='ocrx_word' id='word_1_240' title='bbox 706 1647 746 1679; x_wconf 90' lang='lat' dir='ltr'>de</span> <span class='ocrx_word' id='word_1_241' title='bbox 761 1647 867 1680; x_wconf 71' lang='lat' dir='ltr'>Nmn</span> <span class='ocrx_word' id='word_1_242' title='bbox 883 1652 914 1679; x_wconf 88' lang='lat' dir='ltr'>et</span> <span class='ocrx_word' id='word_1_243' title='bbox 930 1647 1152 1680; x_wconf 70' lang='lat' dir='ltr'>LANDGUNED</span> <span class='ocrx_word' id='word_1_244' title='bbox 1168 1649 1210 1680; x_wconf 88' lang='lat' dir='ltr'>ad</span> <span class='ocrx_word' id='word_1_245' title='bbox 1225 1648 1283 1681; x_wconf 90' lang='lat' dir='ltr'>hec</span> <span class='ocrx_word' id='word_1_246' title='bbox 1299 1649 1409 1681; x_wconf 82' lang='lat' dir='ltr'>omnia</span> <span class='ocrx_word' id='word_1_247' title='bbox 1431 1649 1662 1682; x_wconf 82' lang='lat' dir='ltr'>inviolabiliter</span> 
     </span>
     <span class='ocr_line' id='line_1_24' title="bbox 185 1716 1662 1759; baseline 0.003 -12"><span class='ocrx_word' id='word_1_248' title='bbox 185 1716 401 1748; x_wconf 86' lang='lat' dir='ltr'>conservanda</span> <span class='ocrx_word' id='word_1_249' title='bbox 427 1727 485 1748; x_wconf 92' lang='lat' dir='ltr'>nos</span> <span class='ocrx_word' id='word_1_250' title='bbox 511 1716 714 1759; x_wconf 83' lang='lat' dir='ltr'>compellant.</span> <span class='ocrx_word' id='word_1_251' title='bbox 762 1716 866 1759; x_wconf 87' lang='lat' dir='ltr'>Super</span> <span class='ocrx_word' id='word_1_252' title='bbox 892 1717 955 1749; x_wconf 90' lang='lat' dir='ltr'>hiis</span> <span class='ocrx_word' id='word_1_253' title='bbox 979 1717 1079 1749; x_wconf 87' lang='lat' dir='ltr'>etiam</span> <span class='ocrx_word' id='word_1_254' title='bbox 1104 1717 1252 1750; x_wconf 81' lang='lat' dir='ltr'>omnibus</span> <span class='ocrx_word' id='word_1_255' title='bbox 1277 1720 1314 1750; x_wconf 92' lang='lat' dir='ltr'>ut</span> <span class='ocrx_word' id='word_1_256' title='bbox 1338 1718 1396 1751; x_wconf 87' lang='lat' dir='ltr'>hec</span> <span class='ocrx_word' id='word_1_257' title='bbox 1422 1721 1531 1750; x_wconf 82' lang='lat' dir='ltr'>nostra</span> <span class='ocrx_word' id='word_1_258' title='bbox 1555 1719 1662 1752; x_wconf 82' lang='lat' dir='ltr'>finalis</span> 
     </span>
     <span class='ocr_line' id='line_1_25' title="bbox 186 1784 1663 1829; baseline 0.001 -11"><span class='ocrx_word' id='word_1_259' title='bbox 186 1785 354 1818; x_wconf 82' lang='lat' dir='ltr'>eoncordia</span> <span class='ocrx_word' id='word_1_260' title='bbox 368 1784 530 1817; x_wconf 79' lang='lat' dir='ltr'>firmitatis</span> <span class='ocrx_word' id='word_1_261' title='bbox 544 1785 642 1818; x_wconf 85' lang='lat' dir='ltr'>robur</span> <span class='ocrx_word' id='word_1_262' title='bbox 657 1785 802 1828; x_wconf 85' lang='lat' dir='ltr'>optineat</span> <span class='ocrx_word' id='word_1_263' title='bbox 817 1786 852 1817; x_wconf 88' lang='lat' dir='ltr'>in</span> <span class='ocrx_word' id='word_1_264' title='bbox 872 1789 1036 1829; x_wconf 88' lang='lat' dir='ltr'>posterum</span> <span class='ocrx_word' id='word_1_265' title='bbox 1053 1813 1059 1818; x_wconf 92' lang='lat'>.</span> <span class='ocrx_word' id='word_1_266' title='bbox 1077 1787 1228 1819; x_wconf 82' lang='lat' dir='ltr'>dominus</span> <span class='ocrx_word' id='word_1_267' title='bbox 1249 1786 1466 1820; x_wconf 80' lang='lat' dir='ltr'><strong>WILLELMUS</strong></span> <span class='ocrx_word' id='word_1_268' title='bbox 1484 1789 1524 1820; x_wconf 89' lang='lat' dir='ltr'>de</span> <span class='ocrx_word' id='word_1_269' title='bbox 1540 1788 1663 1821; x_wconf 68' lang='lat' dir='ltr'>Buneo</span> 
     </span>
     <span class='ocr_line' id='line_1_26' title="bbox 185 1853 1662 1898; baseline 0.003 -13"><span class='ocrx_word' id='word_1_270' title='bbox 185 1853 429 1886; x_wconf 79' lang='lat' dir='ltr'>LANDAVENSIS</span> <span class='ocrx_word' id='word_1_271' title='bbox 444 1854 609 1896; x_wconf 87' lang='lat' dir='ltr'>episeopus</span> <span class='ocrx_word' id='word_1_272' title='bbox 626 1880 632 1886; x_wconf 91' lang='lat'><em>.</em></span> <span class='ocrx_word' id='word_1_273' title='bbox 650 1857 683 1886; x_wconf 89' lang='lat' dir='ltr'>et</span> <span class='ocrx_word' id='word_1_274' title='bbox 698 1855 876 1897; x_wconf 85' lang='lat' dir='ltr'>capitulum</span> <span class='ocrx_word' id='word_1_275' title='bbox 891 1856 953 1887; x_wconf 88' lang='lat' dir='ltr'>loci</span> <span class='ocrx_word' id='word_1_276' title='bbox 969 1856 1115 1898; x_wconf 75' lang='lat' dir='ltr'>ejusdem</span> <span class='ocrx_word' id='word_1_277' title='bbox 1132 1882 1138 1888; x_wconf 82' lang='lat'><strong>.</strong></span> <span class='ocrx_word' id='word_1_278' title='bbox 1156 1858 1188 1888; x_wconf 90' lang='lat' dir='ltr'>et</span> <span class='ocrx_word' id='word_1_279' title='bbox 1204 1856 1353 1888; x_wconf 89' lang='lat' dir='ltr'>dominus</span> <span class='ocrx_word' id='word_1_280' title='bbox 1370 1857 1546 1890; x_wconf 74' lang='lat' dir='ltr'>RICARDUS</span> <span class='ocrx_word' id='word_1_281' title='bbox 1558 1869 1662 1890; x_wconf 88' lang='lat' dir='ltr'>comes</span> 
     </span>
     <span class='ocr_line' id='line_1_27' title="bbox 186 1922 1663 1970; baseline 0.002 -14"><span class='ocrx_word' id='word_1_282' title='bbox 186 1923 420 1956; x_wconf 72' lang='lat' dir='ltr'>GLOUCESTRIE</span> <span class='ocrx_word' id='word_1_283' title='bbox 438 1949 444 1954; x_wconf 92' lang='lat'>.</span> <span class='ocrx_word' id='word_1_284' title='bbox 463 1924 494 1955; x_wconf 86' lang='lat' dir='ltr'>et</span> <span class='ocrx_word' id='word_1_285' title='bbox 509 1922 690 1956; x_wconf 75' lang='lat' dir='ltr'>LEYSANUS</span> <span class='ocrx_word' id='word_1_286' title='bbox 705 1924 790 1956; x_wconf 81' lang='lat' dir='ltr'>filius</span> <span class='ocrx_word' id='word_1_287' title='bbox 805 1924 974 1956; x_wconf 77' lang='lat' dir='ltr'>MORGANI</span> <span class='ocrx_word' id='word_1_288' title='bbox 996 1924 1100 1957; x_wconf 80' lang='lat' dir='ltr'>CHAM</span> <span class='ocrx_word' id='word_1_289' title='bbox 1116 1937 1182 1957; x_wconf 83' lang='lat' dir='ltr'>una</span> <span class='ocrx_word' id='word_1_290' title='bbox 1203 1937 1276 1958; x_wconf 89' lang='grc'>011111</span> <span class='ocrx_word' id='word_1_291' title='bbox 1291 1926 1408 1969; x_wconf 84' lang='lat' dir='ltr'>sigillis</span> <span class='ocrx_word' id='word_1_292' title='bbox 1423 1927 1540 1958; x_wconf 81' lang='lat' dir='ltr'>nostris</span> <span class='ocrx_word' id='word_1_293' title='bbox 1555 1927 1663 1970; x_wconf 83' lang='lat' dir='ltr'>sigilla</span> 
     </span>
     <span class='ocr_line' id='line_1_28' title="bbox 185 1992 1661 2035; baseline 0.003 -11"><span class='ocrx_word' id='word_1_294' title='bbox 185 2004 243 2025; x_wconf 82' lang='lat' dir='ltr'>sua</span> <span class='ocrx_word' id='word_1_295' title='bbox 265 1992 340 2024; x_wconf 87' lang='grc'>111110</span> <span class='ocrx_word' id='word_1_296' title='bbox 362 1992 478 2034; x_wconf 87' lang='lat' dir='ltr'>scripto</span> <span class='ocrx_word' id='word_1_297' title='bbox 501 1995 729 2035; x_wconf 79' lang='lat' dir='ltr'>apposuerunt.</span> <span class='ocrx_word' id='word_1_298' title='bbox 775 1993 855 2026; x_wconf 86' lang='lat' dir='ltr'>Hiis</span> <span class='ocrx_word' id='word_1_299' title='bbox 877 1993 1013 2027; x_wconf 87' lang='lat' dir='ltr'>testibus</span> <span class='ocrx_word' id='word_1_300' title='bbox 1037 2019 1044 2026; x_wconf 86' lang='lat'><em>.</em></span> <span class='ocrx_word' id='word_1_301' title='bbox 1069 1993 1253 2027; x_wconf 55' lang='lat' dir='ltr'>Sammo</span> <span class='ocrx_word' id='word_1_302' title='bbox 1277 1995 1435 2028; x_wconf 63' lang='lat' dir='ltr'>BAuzAm</span> <span class='ocrx_word' id='word_1_303' title='bbox 1462 2021 1468 2027; x_wconf 91' lang='lat'><strong>.</strong></span> <span class='ocrx_word' id='word_1_304' title='bbox 1487 1998 1564 2028; x_wconf 86' lang='lat' dir='ltr'>tunc</span> <span class='ocrx_word' id='word_1_305' title='bbox 1579 1997 1661 2028; x_wconf 88' lang='lat' dir='ltr'>vice-</span> 
     </span>
     <span class='ocr_line' id='line_1_29' title="bbox 184 2060 1659 2097; baseline 0.002 -3"><span class='ocrx_word' id='word_1_306' title='bbox 184 2061 300 2094; x_wconf 82' lang='lat' dir='ltr'>comite</span> <span class='ocrx_word' id='word_1_307' title='bbox 310 2061 350 2093; x_wconf 85' lang='lat' dir='ltr'>de</span> <span class='ocrx_word' id='word_1_308' title='bbox 363 2060 611 2093; x_wconf 74' lang='lat' dir='ltr'>GLAMMARGAN</span> <span class='ocrx_word' id='word_1_309' title='bbox 625 2087 631 2094; x_wconf 90' lang='lat'>.</span> <span class='ocrx_word' id='word_1_310' title='bbox 645 2061 822 2095; x_wconf 76' lang='lat' dir='ltr'>WALTERO</span> <span class='ocrx_word' id='word_1_311' title='bbox 838 2063 878 2095; x_wconf 87' lang='lat' dir='ltr'>de</span> <span class='ocrx_word' id='word_1_312' title='bbox 894 2063 1022 2095; x_wconf 74' lang='lat' dir='ltr'><strong>SULLIA</strong></span> <span class='ocrx_word' id='word_1_313' title='bbox 1037 2089 1042 2095; x_wconf 95' lang='lat'>.</span> <span class='ocrx_word' id='word_1_314' title='bbox 1056 2062 1276 2096; x_wconf 79' lang='lat' dir='ltr'><strong>GILLEBERTO</strong></span> <span class='ocrx_word' id='word_1_315' title='bbox 1291 2064 1331 2096; x_wconf 86' lang='lat' dir='ltr'>de</span> <span class='ocrx_word' id='word_1_316' title='bbox 1343 2064 1635 2097; x_wconf 74' lang='lat' dir='ltr'><strong>HUMFRAMVILLA</strong></span> <span class='ocrx_word' id='word_1_317' title='bbox 1652 2091 1659 2097; x_wconf 87' lang='lat'><strong>.</strong></span> 
     </span>
     <span class='ocr_line' id='line_1_30' title="bbox 183 2129 1660 2167; baseline 0.002 -4"><span class='ocrx_word' id='word_1_318' title='bbox 183 2130 206 2163; x_wconf 86' lang='lat' dir='ltr'><strong>J</strong></span> <span class='ocrx_word' id='word_1_319' title='bbox 207 2141 349 2163; x_wconf 80' lang='lat' dir='ltr'><strong>OHANNE</strong></span> <span class='ocrx_word' id='word_1_320' title='bbox 359 2130 400 2162; x_wconf 88' lang='lat' dir='ltr'>de</span> <span class='ocrx_word' id='word_1_321' title='bbox 412 2129 551 2162; x_wconf 70' lang='lat' dir='ltr'>Rmom</span> <span class='ocrx_word' id='word_1_322' title='bbox 565 2155 572 2162; x_wconf 90' lang='lat'><strong>.</strong></span> <span class='ocrx_word' id='word_1_323' title='bbox 585 2130 620 2163; x_wconf 92' lang='lat' dir='ltr'>N</span> <span class='ocrx_word' id='word_1_324' title='bbox 622 2141 767 2163; x_wconf 79' lang='lat' dir='ltr'>ICHOLAO</span> <span class='ocrx_word' id='word_1_325' title='bbox 779 2132 819 2164; x_wconf 86' lang='lat' dir='ltr'>de</span> <span class='ocrx_word' id='word_1_326' title='bbox 829 2131 1090 2164; x_wconf 73' lang='lat' dir='ltr'>L1swnm1tun0</span> <span class='ocrx_word' id='word_1_327' title='bbox 1100 2133 1220 2165; x_wconf 87' lang='lat' dir='ltr'>decano</span> <span class='ocrx_word' id='word_1_328' title='bbox 1232 2133 1272 2165; x_wconf 89' lang='lat' dir='ltr'>de</span> <span class='ocrx_word' id='word_1_329' title='bbox 1283 2132 1450 2166; x_wconf 54' lang='lat' dir='ltr'>Gaas-1111</span> <span class='ocrx_word' id='word_1_330' title='bbox 1462 2159 1468 2166; x_wconf 85' lang='lat'><strong>.</strong></span> <span class='ocrx_word' id='word_1_331' title='bbox 1484 2133 1660 2167; x_wconf 74' lang='lat' dir='ltr'>WALTERO</span> 
     </span>
     <span class='ocr_line' id='line_1_31' title="bbox 183 2198 1660 2235; baseline 0.002 -3"><span class='ocrx_word' id='word_1_332' title='bbox 183 2199 307 2232; x_wconf 69' lang='lat' dir='ltr'>Ltmm„</span> <span class='ocrx_word' id='word_1_333' title='bbox 325 2225 330 2230; x_wconf 95' lang='lat'>.</span> <span class='ocrx_word' id='word_1_334' title='bbox 349 2198 504 2231; x_wconf 65' lang='lat' dir='ltr'>Rmfflno</span> <span class='ocrx_word' id='word_1_335' title='bbox 519 2199 631 2231; x_wconf 86' lang='lat' dir='ltr'>elerico</span> <span class='ocrx_word' id='word_1_336' title='bbox 647 2199 682 2232; x_wconf 88' lang='lat' dir='ltr'>in</span> <span class='ocrx_word' id='word_1_337' title='bbox 697 2199 869 2232; x_wconf 74' lang='lat' dir='ltr'><strong>KENEFEG</strong></span> <span class='ocrx_word' id='word_1_338' title='bbox 889 2227 894 2233; x_wconf 95' lang='lat'>.</span> <span class='ocrx_word' id='word_1_339' title='bbox 913 2201 1004 2233; x_wconf 78' lang='lat' dir='ltr'>REso</span> <span class='ocrx_word' id='word_1_340' title='bbox 1020 2201 1132 2233; x_wconf 87' lang='lat' dir='ltr'>clerico</span> <span class='ocrx_word' id='word_1_341' title='bbox 1153 2202 1192 2233; x_wconf 89' lang='lat' dir='ltr'>de</span> <span class='ocrx_word' id='word_1_342' title='bbox 1216 2201 1436 2234; x_wconf 72' lang='lat' dir='ltr'>LANDGUNED</span> <span class='ocrx_word' id='word_1_343' title='bbox 1454 2228 1460 2234; x_wconf 92' lang='lat'>.</span> <span class='ocrx_word' id='word_1_344' title='bbox 1478 2202 1500 2235; x_wconf 87' lang='lat' dir='ltr'><strong>J</strong></span> <span class='ocrx_word' id='word_1_345' title='bbox 1502 2213 1660 2235; x_wconf 79' lang='lat' dir='ltr'>ORUARDO</span> 
     </span>
    </p>
   </div>
   <div class='ocr_carea' id='block_1_3' title="bbox 182 2267 1658 2304">
    <p class='ocr_par' dir='ltr' id='par_1_3' title="bbox 182 2267 1658 2304">
     <span class='ocr_line' id='line_1_32' title="bbox 182 2267 1658 2304; baseline 0.003 -4"><span class='ocrx_word' id='word_1_346' title='bbox 182 2268 224 2301; x_wconf 82' lang='lat' dir='ltr'>ab</span> <span class='ocrx_word' id='word_1_347' title='bbox 246 2268 355 2300; x_wconf 72' lang='lat' dir='ltr'>Espus</span> <span class='ocrx_word' id='word_1_348' title='bbox 375 2293 382 2299; x_wconf 90' lang='lat'>.</span> <span class='ocrx_word' id='word_1_349' title='bbox 405 2267 543 2301; x_wconf 74' lang='lat' dir='ltr'>WRONU</span> <span class='ocrx_word' id='word_1_350' title='bbox 565 2268 606 2300; x_wconf 87' lang='lat' dir='ltr'>ab</span> <span class='ocrx_word' id='word_1_351' title='bbox 631 2267 765 2301; x_wconf 76' lang='lat' dir='ltr'>ORAnoc</span> <span class='ocrx_word' id='word_1_352' title='bbox 794 2296 801 2302; x_wconf 87' lang='lat'>.</span> <span class='ocrx_word' id='word_1_353' title='bbox 829 2269 1020 2302; x_wconf 77' lang='lat' dir='ltr'>LEWELINO</span> <span class='ocrx_word' id='word_1_354' title='bbox 1043 2269 1084 2302; x_wconf 85' lang='lat' dir='ltr'>ab</span> <span class='ocrx_word' id='word_1_355' title='bbox 1106 2270 1236 2303; x_wconf 48' lang='grc' dir='ltr'>(11111111ν</span> <span class='ocrx_word' id='word_1_356' title='bbox 1255 2297 1260 2302; x_wconf 97' lang='grc'>.</span> <span class='ocrx_word' id='word_1_357' title='bbox 1282 2271 1436 2304; x_wconf 56' lang='grc'>0111111000</span> <span class='ocrx_word' id='word_1_358' title='bbox 1453 2271 1493 2303; x_wconf 86' lang='lat' dir='ltr'>ab</span> <span class='ocrx_word' id='word_1_359' title='bbox 1505 2271 1628 2303; x_wconf 74' lang='lat' dir='ltr'>MAnoc</span> <span class='ocrx_word' id='word_1_360' title='bbox 1651 2297 1658 2304; x_wconf 89' lang='lat'><strong>.</strong></span> 
     </span>
    </p>
   </div>
  </div>
 </body>
</html>
