1998 2724
1571 161 1631 191 611

202 322 420 354 voluerimus.
438 321 580 363 predicto
604 320 713 352 abbati
736 323 767 352 et
784 320 957 352 conventui
972 321 1012 352 de
1035 321 1145 352 decem
1168 319 1258 351 libris
1281 318 1511 361 sterlingorum
1535 318 1678 361 plenarie

203 390 434 423 satisfaciemus
452 416 457 421 .
475 389 611 422 Domini
632 389 734 432 Regis
750 390 800 421 vel
824 389 948 421 comitis
970 389 1079 431 aliqua
1101 388 1319 431 prohibicione
1343 399 1407 420 non
1431 387 1586 419 obstante.
1633 386 1676 418 In

204 460 297 503 cujus
311 459 357 491 rei
373 458 595 491 testimonium
612 484 618 490 .
636 457 711 490 huic
726 458 843 500 scripto
859 458 1004 501 sigillum
1019 469 1128 490 meum
1143 457 1287 500 apposui.

246 528 312 560 His
336 527 472 560 testibus
496 554 502 559 .
527 527 705 560 WALTERO
732 526 854 559 LUUEL
880 553 886 559 .
912 526 1083 559 Pfflmpo
1106 527 1146 559 de
1173 525 1335 558 CORNELY
1360 551 1366 558 .
1391 525 1587 557 WILLELMO
1611 524 1677 556 filio

202 598 411 630 Amsxmmu
428 597 540 629 clerieo
558 622 563 628 .
583 596 778 629 WILLELMO
795 596 1035 628 FRANKELEYN
1054 622 1060 627 .
1079 595 1250 627 Pmmppo
1271 595 1384 627 clerico
1400 597 1431 626 et
1446 593 1558 626 multis
1574 593 1654 624 aliis.

248 667 471 699 Endorsed—‘
486 665 582 698 Carta
598 665 722 697 Thome
739 665 878 697 Gramus
893 666 932 697 de
949 677 979 697 x.
997 664 1109 697 libris)

245 735 319 768 Seal
335 736 370 767 in
386 736 443 767 red
461 746 541 773 wax,
558 746 593 766 as
608 735 641 766 in
658 733 722 766 No.
741 733 984 766 DLXXXIII.
1032 733 1091 766 See
1108 734 1174 766 also
1191 733 1268 765 Nos.
1288 732 1448 765 DXOVI.
1467 733 1532 764 and
1549 731 1655 764 DOX.

822 904 1066 937 DLXXXIII.

210 988 373 1021 GRANT
400 988 465 1020 BY
490 987 685 1020 THOMAS
712 986 908 1019 GRAMUS
936 987 994 1019 OF
1025 986 1158 1019 LAND
1190 985 1429 1019 BETWEEN
1455 984 1684 1018 GOYLAKE

487 1056 589 1089 AND
622 1056 862 1095 KENEFEG,
894 1056 952 1088 ΤΟ
984 1055 1193 1088 MARGrAM
1225 1054 1398 1087 ABBEY.

564 1138 739 1181 [MARGAM
771 1138 967 1181 CHARTER.]
1060 1137 1311 1170 erannAY.
1359 1137 1398 1167 31
1426 1135 1519 1174 ΜΑῩ,
1548 1136 1642 1166 1254.

254 1221 363 1254 Sciant
386 1233 417 1263 p.
435 1224 467 1253 et
489 1221 513 1252 f.
531 1232 561 1263 q.
579 1232 605 1253 e.
623 1219 768 1252 THOMAS
785 1219 931 1252 GRAMUS
954 1219 1085 1252 consilio
1102 1222 1134 1251 et
1157 1230 1287 1250 assensu
1311 1218 1466 1250 heredum
1489 1228 1635 1249 meorum
1658 1219 1691 1248 et

209 1291 347 1323 aliorum
362 1290 537 1322 amicorum
552 1301 697 1322 meorum
710 1290 786 1321 dedi
803 1294 835 1321 et
847 1289 984 1321 concessi
999 1314 1004 1320 .
1019 1292 1051 1320 et
1066 1288 1126 1320 hac
1141 1287 1281 1330 presenti
1294 1290 1381 1319 carta
1394 1298 1465 1318 mea
1481 1285 1667 1318 confirmavi
1682 1311 1688 1317 .

212 1360 283 1393 Deo
299 1362 331 1392 et
347 1359 473 1392 ecclesie
490 1359 529 1391 B.
543 1358 591 1391 M.
605 1359 646 1390 de
662 1358 817 1390 MARGAN
833 1385 838 1390 .
853 1370 879 1390 e.
894 1369 936 1390 m.
955 1359 974 1390 i.
987 1357 1028 1389 D.
1044 1370 1067 1390 s.
1084 1369 1140 1389 sex
1156 1357 1237 1389 acris
1252 1356 1352 1388 libere
1368 1359 1451 1388 terre
1468 1367 1536 1387 mee
1553 1366 1691 1397 quarum

212 1432 276 1462 tres
291 1429 400 1472 jacent
411 1429 507 1471 juxta
522 1428 612 1461 illam
628 1439 735 1461 acram
747 1439 844 1470 quam
857 1428 935 1460 dicti
947 1427 1096 1460 monachi
1108 1427 1197 1470 prius
1207 1427 1247 1458 de
1259 1437 1309 1458 me
1319 1425 1504 1458 habuerunt
1518 1452 1523 1457 .
1536 1425 1692 1457 habentes

213 1510 253 1530 ex
278 1500 369 1540 parte
394 1497 583 1530 occidentali
610 1501 729 1530 terram
754 1497 881 1530 Tuom
907 1497 1040 1529 Rvssm,
1065 1501 1095 1528 et
1121 1496 1155 1528 in
1183 1496 1389 1538 longitudine
1415 1507 1446 1527 se
1470 1495 1650 1526 extendunt
1675 1506 1694 1526 a

212 1567 317 1600 rivulo
340 1567 379 1599 de
402 1566 567 1599 GOYLAKE
589 1577 690 1609 usque
711 1567 753 1599 ad
775 1578 929 1609 magnam
952 1567 1038 1598 viam
1060 1578 1122 1608 que
1145 1565 1250 1597 tendit
1270 1566 1310 1597 de
1333 1564 1504 1596 KENEFEG
1529 1575 1629 1606 usque
1651 1563 1692 1596 ad

213 1636 444 1669 CATTEPUTTE.
491 1635 566 1668 Due
578 1647 652 1668 vero
667 1635 776 1678 jacent
792 1636 825 1667 in
842 1635 899 1668 illa
915 1635 1041 1668 cultura
1057 1647 1119 1677 que
1130 1637 1262 1666 vocatur
1278 1634 1433 1666 DEUMAY
1449 1633 1694 1676 propinquiores

213 1705 263 1738 illi
277 1705 331 1737 via
345 1716 407 1747 que
423 1704 529 1737 tendit
544 1717 563 1736 a
579 1705 673 1737 domo
689 1716 760 1737 mea
775 1706 817 1737 ad
837 1716 990 1748 magnam
1008 1705 1092 1736 viam
1109 1716 1172 1747 que
1188 1704 1293 1736 tendit
1309 1704 1348 1735 de
1365 1702 1538 1735 KENEFEG
1555 1703 1596 1734 ad
1620 1714 1690 1744 pre-

214 1774 419 1806 nominatum
446 1773 677 1805 CATTEPUTTE.
725 1773 880 1816 Exceptis
906 1774 1010 1806 tribus
1036 1773 1116 1806 acris
1146 1773 1226 1804 meis
1256 1771 1533 1815 interjacentibus.
1581 1771 1627 1803 Et
1657 1771 1692 1803 in

214 1842 421 1884 longitudine
433 1853 465 1873 se
481 1842 662 1874 extendunt
673 1853 692 1874 a
707 1843 792 1874 dieto
804 1842 909 1874 rivulo
921 1843 961 1874 de
978 1842 1144 1874 GOYLAKE
1160 1853 1261 1883 usque
1274 1842 1315 1872 ad
1327 1841 1522 1883 sepedictam
1538 1851 1693 1882 magnam

214 1910 310 1943 viam.
357 1910 456 1942 Sexta
479 1913 587 1943 autem
609 1911 695 1954 jacet
718 1912 752 1943 in
776 1911 909 1944 australi
926 1914 1016 1954 parte
1040 1912 1079 1943 de
1097 1910 1262 1943 GOYLAKE
1285 1910 1382 1953 juxta
1397 1912 1516 1942 terram
1532 1909 1693 1941 dictorum

215 1979 445 2012 monachorum
463 1983 497 2011 et
515 1991 547 2011 se
569 1980 715 2012 extendit
733 1980 768 2012 in
786 1980 993 2023 longitudine
1011 1992 1030 2012 a
1050 1983 1134 2012 terra
1151 1979 1321 2012 WALTERI
1344 1978 1467 2010 LUVEL
1490 1989 1552 2020 que
1575 1978 1693 2010 dicitur

216 2048 442 2080 HEUEDAKER
476 2073 482 2079 .
516 2059 616 2090 usque
640 2049 682 2080 ad.
706 2049 828 2081 dictum
851 2049 1016 2081 GOYLAKJJ
1038 2075 1043 2081 .
1067 2049 1101 2081 in
1118 2048 1307 2081 occidentali
1331 2050 1421 2090 parte
1436 2047 1558 2079 habens
1575 2050 1693 2078 terram

215 2128 321 2150 meam
339 2142 345 2149 .
362 2116 405 2149 In
428 2128 542 2159 puram
565 2120 598 2149 et
620 2124 809 2160 perpetuam
832 2117 1040 2150 elemosinam
1063 2117 1161 2150 libere
1185 2120 1217 2149 et
1241 2117 1348 2160 quiete
1371 2116 1501 2159 pacifice
1518 2118 1549 2147 et
1565 2117 1691 2158 integre

214 2197 289 2219 cum
305 2185 454 2218 omnibus
469 2185 671 2218 libertatibus
683 2188 716 2219 et
730 2186 840 2219 liberis
852 2186 1137 2219 consuetudinibus
1149 2187 1231 2219 sicut
1246 2186 1313 2218 ulla
1329 2185 1501 2218 elemosina
1516 2184 1648 2216 liberius
1661 2187 1692 2216 et

214 2255 330 2309 melius
361 2255 431 2287 dari
462 2258 567 2297 potest
590 2254 709 2297 absque
732 2255 821 2287 omni
844 2256 1009 2288 exactione
1032 2258 1064 2287 et
1088 2255 1256 2288 demanda.
1304 2255 1378 2297 Ego
1394 2264 1469 2286 vero
1493 2253 1636 2285 THOMAs
1659 2255 1692 2285 et
