1998 2724
1539 170 1602 200 417

168 327 372 370 pertinenciis
398 326 463 358 suis
489 353 494 357 .
520 325 765 357 (eomoditatibus
787 325 935 358 omnibus
955 325 1158 359 libertatibus
1182 332 1214 358 et
1239 326 1435 358 aisiamentis
1460 328 1501 358 ad
1526 327 1652 359 easdem

171 400 271 428 terras
283 394 510 438 spectantibus.
558 394 613 426 Ita
628 395 714 437 quod
730 407 787 426 nec
811 406 870 437 ego
895 394 1068 428 GRIFINUS
1091 407 1148 428 nec
1172 396 1303 428 heredes
1326 395 1390 428 mei
1417 407 1473 428 seu
1498 396 1653 438 assignati

173 465 237 497 mei
253 476 309 496 nee
323 464 438 506 aliquis
454 465 505 496 vel
520 464 621 506 aliqui
644 475 701 506 pro
724 475 775 495 me
798 465 849 495 vel
870 475 926 507 per
952 476 1003 496 me
1030 465 1161 507 aliquod
1186 465 1239 507 jus
1263 466 1314 496 vel
1339 465 1490 497 clamium
1517 466 1550 496 in
1578 465 1654 497 totis

169 535 262 566 terris
277 534 428 577 predictis
444 545 516 565 cum
533 533 739 576 pertinenciis
757 559 762 564 .
781 532 983 566 libertatibus
999 537 1029 566 et
1046 534 1243 566 aisiamentis
1258 535 1323 566 suis
1341 561 1346 566 .
1365 546 1422 566 nec
1438 534 1471 566 in
1493 533 1655 576 aliquibus

170 615 225 636 seu
241 604 349 645 aliqua
365 603 539 635 earundem
555 602 590 634 in
605 606 673 634 toto
690 602 739 633 vel
756 602 789 633 in
807 606 896 643 parte
913 603 1056 635 decetero
1079 604 1254 645 poterimus
1279 603 1406 645 exigere
1431 604 1481 635 vel
1507 604 1652 635 clamare.

171 673 219 705 Et
233 684 293 716 ego
312 673 416 704 dictus
440 672 611 704 Grmrmrs
635 676 667 703 et
688 672 820 705 heredes
843 674 906 704 mei
930 673 995 705 sive.
1018 673 1173 715 assignati
1196 674 1259 705 mei
1282 677 1366 706 totas
1389 673 1530 716 prefatas
1555 676 1656 704 terras

175 742 377 785 integraliter
393 753 465 773 cum
480 742 686 784 pertinenciis
702 742 836 784 prefatis
859 742 1023 774 monachis
1050 743 1327 775 warentizabimus
1348 742 1601 786 acquietabimus
1626 744 1658 774 et

173 811 383 843 defendemus
406 811 440 842 in
463 813 663 853 perpetuum.
712 811 775 843 Pro
800 811 858 843 hac
883 815 991 843 autem
1013 824 1085 843 mea
1117 812 1378 844 warentizaeione
1410 815 1442 844 et
1474 812 1659 844 omnimoda

173 880 283 923 quieta
298 880 490 912 elamaeione
506 880 593 912 facta
607 880 742 922 prefatis
758 881 922 913 monachis
942 884 1009 913 tam
1032 893 1090 924 pro
1112 893 1164 913 me
1187 893 1284 923 quam
1307 894 1364 924 pro
1386 880 1556 913 heredibus
1579 881 1659 913 meis

177 950 415 992 imperpetuum
433 976 438 981 .
456 950 615 982 dederunt
637 950 735 982 michi
758 950 894 992 predicti
917 950 1065 983 monachi
1087 954 1208 993 septem
1236 952 1416 983 erannocos¹
1446 951 1601 982 frumenti
1628 952 1661 982 et

179 1018 351 1050 dimidium
366 1029 423 1061 per
438 1030 562 1051 annum
578 1019 777 1051 solummodo
796 1046 801 1051 .
819 1031 876 1062 pro
893 1019 1042 1052 omnibus
1058 1020 1276 1052 exactionibus
1292 1023 1323 1052 et
1339 1020 1515 1052 demandis.
1562 1019 1609 1051 Et
1623 1022 1661 1051 ut

177 1087 235 1119 hec
250 1099 321 1120 mea
336 1088 556 1121 warentizaoio
575 1115 579 1120 .
598 1089 755 1121 relaxaoio
773 1116 779 1121 .
797 1092 829 1121 et
854 1090 1039 1122 omnimoda
1063 1090 1169 1131 quieta
1194 1090 1344 1122 elamacio
1366 1089 1457 1121 firma
1475 1089 1662 1132 stabilisque

181 1160 360 1200 perseveret
374 1158 409 1189 in
424 1160 615 1200 perpetuum
634 1185 639 1189 .
659 1170 787 1200 presens
802 1159 955 1201 scriptum
972 1159 1070 1201 sigilli
1086 1160 1149 1191 mei
1165 1159 1370 1201 impressione
1382 1159 1536 1191 roboravi.
1585 1158 1663 1190 Hiis

180 1225 316 1258 testibus
334 1253 340 1258 .
359 1225 556 1259 WILLELMO
581 1226 620 1259 ab
643 1227 840 1260 YORUERTH
859 1255 864 1260 .
883 1227 1058 1260 TRAHARN
1078 1228 1118 1260 ab
1135 1228 1227 1260 REEs
1245 1255 1250 1259 .
1269 1228 1387 1260 DAvm
1404 1227 1444 1260 ab
1461 1227 1636 1260 Gmrrirn
1655 1253 1660 1259 .

182 1294 378 1327 YORUERTH
401 1295 442 1327 ab
465 1295 640 1328 Gmrrrrn
667 1323 672 1328 .
700 1297 792 1329 Rms
815 1297 911 1330 VorL
937 1325 942 1329 .
968 1297 1128 1330 WRONOU
1152 1297 1236 1330 Sm‘s
1260 1324 1266 1329 .
1293 1297 1466 1329 GRIFFITH
1487 1297 1636 1329 VACHAN
1655 1324 1661 1328 .

179 1364 376 1397 YORUERTH
393 1365 512 1398 Coum
530 1392 535 1398 .
554 1365 684 1398 Owssm
702 1366 851 1400 VACHAN
870 1393 876 1398 .
895 1366 988 1398 REEs
1004 1366 1044 1398 ab
1061 1366 1195 1398 CRADOC
1210 1392 1215 1397 .
1228 1366 1423 1398 KEDERECH
1440 1365 1479 1398 ab
1501 1366 1636 1398 CRADOC
1654 1392 1660 1398 .

180 1435 274 1467 Rms
296 1435 444 1467 VAanN
471 1462 476 1467 .
502 1435 621 1468 DAvln
643 1435 684 1467 ab
708 1435 802 1468 REEs
827 1462 832 1467 .
858 1439 890 1467 et
912 1436 1023 1467 multis
1045 1436 1125 1467 aliis.

229 1504 330 1536 Small
345 1505 450 1536 round
466 1506 539 1544 seal,
557 1505 637 1537 dark
653 1517 750 1548 green
767 1517 848 1544 wax,
866 1506 931 1547 gin.
950 1505 1046 1537 diam.
1063 1516 1069 1535 z
1095 1517 1135 1536 an
1153 1506 1262 1537 estoile
1277 1506 1311 1537 of
1328 1506 1417 1548 eight
1433 1506 1548 1548 points.

685 1572 692 1585 ‘
711 1574 743 1604 -4-
765 1568 790 1599 s'
816 1579 951 1600 GRH-“ml
977 1568 1006 1600 F’
1032 1569 1152 1600 CRAD'.'

228 1636 396 1668 Endorsed
412 1637 447 1668 in
463 1648 482 1668 a
493 1637 557 1669 late
573 1637 847 1680 handwriting—·
860 1637 1033 1669 Relaxacio
1050 1639 1089 1669 de
1106 1637 1345 1680 Tangliistland
1362 1641 1391 1670 et
1410 1637 1625 1680 Gyslesland.'

597 1706 617 1732 (1
628 1714 634 1732 J
654 1706 775 1728 Meusurae
788 1714 865 1735 genus
877 1707 942 1735 apud
955 1707 1240 1735 Hilie1-11sffi.—Ducange.

775 1837 1060 1871 CCCCXXVIII.

186 1918 472 1953 QUIT-CLAIM
500 1919 564 1951 BY
592 1918 808 1959 WALTER,
840 1919 929 1952 SON
957 1920 1017 1952 OF
1048 1920 1256 1957 CUNNOR,
1288 1920 1390 1952 ANI)
1422 1920 1549 1959 IVOR,
1581 1920 1663 1952 HIS

293 1981 523 2016 STEP-SON.
563 1982 620 2014 ΤΟ
660 1982 871 2015 MARGAM
899 1983 957 2015 OF
993 1983 1126 2016 LAND
1159 1983 1399 2015 BETWEEN
1431 1983 1529 2016 THE
1558 1983 1662 2015 TWO

289 2043 447 2076 AVANS
486 2045 587 2076 AND
620 2045 861 2077 EMBROOH.

717 2114 893 2157 [Mino-AM
926 2115 1120 2158 CHARTER]

223 2188 332 2221 Sciant
360 2201 469 2222 omnes
495 2192 579 2231 quod
605 2202 665 2233 ego
691 2190 890 2223 WALTmffs
916 2191 1000 2223 filius
1025 2192 1169 2223 Crxxon
1193 2219 1197 2223 .
1221 2199 1249 2223 et
1274 2191 1359 2224 Iton
1382 2193 1549 2234 privignus
1575 2204 1664 2224 meus

184 2258 360 2289 clamamus
376 2259 517 2300 quietam
533 2258 660 2291 abbatie
676 2261 715 2291 de
731 2259 886 2291 MARGAN
906 2287 910 2292 .
929 2264 1030 2292 totam
1046 2264 1163 2292 tenum
1189 2273 1285 2302 quam
1309 2262 1470 2292 tenuimus
1487 2262 1570 2292 intei-
1586 2262 1665 2293 duas

332 2366 380 2390 30
