1998 2724
1540 172 1602 202 429

212 327 245 359 N
248 327 376 359 overitis
399 338 456 359 nos
471 338 529 368 pro
545 326 647 358 salute
664 339 691 359 a.
711 339 742 359 n.
761 335 792 360 et
808 340 835 359 a.
854 332 921 359 ets.
938 340 970 359 n.
989 328 1175 360 concessisse
1192 333 1222 359 et
1240 328 1270 360 h.
1290 341 1313 359 c.
1332 340 1362 360 n.
1383 329 1583 361 confirmasse
1601 330 1641 361 D.

166 401 195 428 et
214 408 256 428 ec.
276 396 314 427 B.
334 395 379 428 Μ,
398 397 438 427 de
454 395 608 428 MARGAN
625 401 657 428 et
673 408 715 428 m.
735 398 754 428 i.
774 397 814 428 D.
833 409 855 428 s.
874 397 1081 429 donationem
1105 401 1188 429 terre
1212 397 1251 429 de
1276 397 1517 429 HEVEDHALOC
1542 425 1547 430 .
1573 410 1645 430 cum

163 466 311 498 omnibus
327 466 532 508 pertinentiis
543 466 608 498 sm's
624 478 703 508 quas
720 467 764 499 eis
780 467 855 499 feeit
881 466 1075 499 MORGANUS
1100 467 1186 499 filius
1209 467 1332 499 OWENI
1362 494 1366 499 .
1396 468 1429 499 in
1456 472 1644 510 perpetuam

164 535 380 567 elemosinam.
414 534 523 570 Quare
538 535 688 567 volumus
704 542 735 567 et
751 536 944 579 precipimus
960 540 996 568 ut
1012 537 1129 579 prefati
1144 536 1293 569 monachi
1310 537 1449 569 habeant
1466 541 1496 569 et
1514 541 1645 571 teneant

165 603 264 636 libere
283 631 287 635 .
307 605 433 647 integre
451 631 456 636 .
475 607 507 636 et
523 604 652 646 pacifice
677 605 854 647 predictam
876 610 993 637 terram
1019 618 1092 637 cum
1117 606 1323 648 pertinenciis
1350 607 1415 638 suis
1440 607 1473 638 in
1500 607 1648 640 omnibus

165 673 242 705 locis
265 680 296 704 et
320 673 414 705 rebus
437 685 494 716 per
517 673 626 705 omm'a
655 700 660 704 .
687 674 767 706 sicut
795 679 881 706 carta
910 675 1044 716 predjcti
1068 675 1237 707 Momm
1267 702 1272 706 .
1302 687 1399 717 quam
1426 676 1502 708 inde
1528 676 1649 708 habent

166 744 312 773 testatur.

211 811 288 843 Hiis
304 811 448 843 testibus.

208 879 259 902 The
271 880 375 907 orisginal
394 884 468 908 grant
484 880 517 909 by
536 880 641 908 Morgau
662 888 692 908 vtp
712 880 795 902 own-n
821 889 868 902 was
888 881 999 903 iuvludeni
1021 882 1042 903 in
1063 882 1103 903 zhe
1123 882 1293 904 confirmation
1315 883 1345 911 by
1365 882 1432 911 King
1449 883 1515 905 John
1535 884 1557 905 in
1580 885 1641 906 1:¹05.

173 922 220 944 No.
234 922 439 945 CCLXXXVH.

763 1041 1049 1074 CCCCXXXIX.

166 1123 532 1156 GONFIRMATION
570 1123 637 1156 BY
675 1123 885 1156 GILBERT
932 1124 996 1156 DE
1036 1124 1204 1163 OLARE,
1243 1124 1374 1157 EARL
1413 1125 1472 1158 OF
1505 1125 1650 1158 GLOU-

276 1192 455 1226 GESTER
470 1193 572 1225 AND
589 1193 862 1231 HERTFORD,
881 1193 940 1225 OF
956 1194 989 1225 A
1006 1193 1137 1226 MOOR
1160 1194 1401 1227 BETWEEN
1425 1195 1648 1227 BAITHAN

274 1262 377 1294 AND
408 1262 886 1298 GUTHELENDELAKE,
920 1262 977 1295 ΤΟ
1009 1263 1221 1296 MARGAM
1252 1263 1425 1296 ABBEY.

708 1345 880 1387 [MARGAM
905 1344 1098 1388 Culusa]
1376 1347 1603 1378 1226—1230.

247 1426 360 1459 CARTA
385 1426 423 1459 Gr.
449 1438 493 1458 DE
517 1426 633 1459 CLARE
659 1439 701 1459 DE
726 1438 819 1459 mmm
846 1439 911 1462 oms
934 1438 1035 1459 JACET
1060 1438 1165 1459 INTER
1189 1438 1295 1459 ΑΜΑΜ
1320 1439 1441 1459 MORAM
1467 1439 1560 1462 QUAM

553 1498 655 1528 ‘NOBIS
679 1507 781 1528 DEDIT
807 1508 846 1528 ET
872 1507 990 1530 AQUAM
1014 1508 1058 1528 DE
1082 1496 1257 1529 BAITHAN.

187 1577 383 1611 Gusnnros
415 1579 455 1610 de
490 1578 606 1610 GLARE
634 1589 738 1610 comes
765 1578 975 1610 Gmcsssmm
997 1578 1054 1620 [et]
1082 1578 1274 1610 HERTFORD
1296 1579 1445 1611 omnibus
1463 1579 1649 1612 hominibus

166 1650 199 1679 et
214 1647 324 1679 amieis
339 1647 405 1679 suis
421 1647 567 1679 salutem.

211 1715 378 1748 Noveritis
394 1727 452 1748 nos
467 1716 591 1748 dedisse
618 1722 649 1748 et
673 1717 859 1748 concessisse
881 1721 913 1748 et
929 1717 988 1748 hae
1004 1719 1091 1748 carta
1114 1716 1224 1748 nostra
1239 1717 1441 1749 confirmasse
1463 1729 1520 1760 pro
1543 1719 1647 1751 salute

164 1785 271 1817 anime
302 1788 408 1817 nostre
433 1788 464 1817 et
491 1788 726 1818 antecessorum
757 1791 787 1817 et
820 1797 1032 1818 successorum
1063 1788 1245 1818 nostrorum
1270 1786 1312 1818 D.
1339 1790 1371 1818 et
1394 1798 1437 1818 ec.
1467 1786 1498 1819 S.
1528 1787 1575 1819 M.
1604 1789 1644 1820 de

166 1854 319 1885 MARGAN
346 1880 352 1885 .
377 1858 410 1885 et
425 1865 468 1886 m.
488 1854 509 1886 i.
531 1853 574 1886 D.
598 1865 622 1886 s.
648 1857 750 1886 totam
774 1866 897 1886 moram
922 1866 983 1896 que
1006 1854 1092 1897 jacet
1114 1854 1200 1886 inter
1221 1855 1318 1886 aliam
1339 1866 1462 1887 moram
1482 1868 1579 1898 quam
1599 1857 1645 1889 eis

165 1927 261 1954 antea
276 1922 506 1954 incartavimus
523 1948 529 1955 .
547 1925 580 1955 et
595 1934 712 1965 aquam
729 1924 768 1954 de
785 1923 948 1955 ΒΑΙΤΗΑΝ
965 1923 1047 1955 sicut
1062 1934 1148 1965 aqua
1163 1924 1203 1955 de
1219 1923 1383 1955 BAITHAN
1399 1924 1440 1956 ab
1459 1925 1622 1958 occidente
1636 1952 1642 1958 .

166 1995 199 2024 et
225 1992 348 2023 rivulus
370 1991 426 2033 qm*
452 1991 570 2024 dicitur
598 1992 933 2024 GUTHELENDELAKE
957 1992 997 2024 ab
1025 1993 1147 2024 oriente
1174 1993 1374 2025 descendunt
1398 1994 1437 2025 de
1464 1993 1643 2027 Tmmnc.

165 2072 266 2102 usque
281 2061 316 2092 in
333 2060 506 2092 HoLLAKE
525 2086 531 2094 .
549 2064 587 2093 ut
602 2061 742 2093 habeant
759 2066 791 2093 et
804 2066 935 2093 teneant
952 2062 1128 2104 predictam
1141 2073 1263 2094 moram
1277 2062 1316 2094 de
1328 2062 1420 2095 nobis
1432 2067 1463 2094 et
1476 2063 1646 2096 heredibus

165 2129 282 2161 nostris
297 2129 332 2160 in
347 2131 536 2171 perpetuam
552 2129 758 2162 elemosinam
775 2130 875 2162 libere
893 2157 898 2162 .
917 2130 1059 2172 plenarie
1078 2157 1084 2162 .
1101 2131 1231 2173 pacifice
1249 2158 1254 2162 .
1270 2135 1301 2163 et
1317 2131 1425 2173 quiete
1449 2158 1455 2163 .
1479 2132 1560 2164 sicut
1578 2133 1646 2165 ulla.

165 2198 338 2230 elemosina
353 2197 484 2230 liberius
500 2201 532 2230 et
547 2198 662 2230 melius
677 2202 781 2241 potest
798 2199 919 2231 haberi.
967 2199 1013 2231 Et
1034 2211 1092 2232 nos
1113 2203 1146 2232 et
1165 2200 1298 2232 heredes
1323 2201 1423 2232 nostri
1444 2201 1527 2233 hane
1545 2202 1645 2234 dona,-

163 2267 285 2299 tionem
302 2267 347 2298 eis
362 2267 641 2299 warantizabimus
658 2267 692 2299 in
708 2271 901 2310 perpetuum
918 2271 1028 2300 contra
1045 2280 1154 2301 omnes
1171 2269 1325 2301 homines.
