1998 2724
302 156 365 188 510

302 314 389 346 Item
413 339 420 346 .
446 314 486 346 de
509 313 648 356 pasturis
671 314 711 345 de
735 312 1006 345 NEUTUNEDUNE
1031 314 1062 344 et
1086 312 1337 345 CORNELmUNr:
1361 312 1516 344 statuitur
1534 314 1572 344 ut
1588 311 1743 354 quoniam

257 386 394 426 utraque
409 394 483 426 pars
501 382 698 415 sufficienter
715 385 747 414 et
763 382 930 414 evidenter
945 381 1094 424 probavit
1110 384 1177 414 tam
1192 381 1246 424 jus
1262 382 1295 414 in
1312 382 1506 424 proprietate
1529 392 1626 423 quam
1649 392 1745 413 usum

256 453 292 485 in
307 452 502 495 possessione
519 454 655 494 utraque
671 452 785 484 domus
800 450 942 483 habeant
958 451 1059 483 dictas
1082 454 1229 494 pasturas
1248 475 1256 483 .
1273 462 1326 483 eas
1349 450 1499 483 videlicet
1521 452 1577 483 aut
1600 450 1635 482 in
1658 461 1743 482 com-

257 533 355 554 mune
371 522 569 565 possidentes
586 547 592 553 .
610 523 667 553 aut
683 521 710 552 si
726 521 766 552 de
783 520 901 553 Boxm
920 546 926 552 .
945 520 1131 552 BILDEWAS
1156 546 1161 552 .
1187 522 1219 552 et
1243 519 1459 552 KINGESWDE
1482 519 1615 552 abbates
1636 519 1742 562 magis

257 590 398 623 viderint
421 590 571 632 expedire
594 589 696 621 dictas
718 591 866 632 pasturas
889 589 936 621 ita
959 589 1109 621 dividant
1126 615 1132 621 .
1150 591 1187 621 ut
1208 588 1364 621 medietas
1378 588 1589 631 propinquior
1604 588 1742 632 grangis

258 660 298 692 de
314 659 419 692 Nmn
436 659 547 691 domui
568 659 608 690 de
631 658 737 690 Nam
760 660 925 690 remaneat
950 684 956 690 .
982 658 1106 700 reliqua
1129 658 1284 691 medietas
1306 657 1517 700 propinquior
1540 657 1677 700 grangie
1701 658 1741 690 de

257 729 413 761 MARGAN
429 730 593 760 remaneat
609 727 721 760 domui
736 728 776 759 de
792 727 958 760 MARGAN.

300 811 386 844 Item
412 837 418 843 .
446 811 610 847 Quoniam
635 813 673 843 ut
697 811 826 843 videtur
847 810 997 843 monachi
1021 811 1062 843 de
1089 809 1194 843 Nam
1215 810 1290 842 licet
1308 810 1412 853 primo
1434 809 1557 853 injuste
1578 809 1742 852 provocati

257 881 348 923 quasi
370 881 493 912 malum
517 892 574 922 pro
598 880 684 912 malo
706 880 841 912 reddere
864 880 1017 911 nituntur
1039 879 1205 911 monachis
1228 881 1268 912 de
1288 880 1442 912 MARGAN
1460 880 1668 912 vendicantes
1683 878 1744 911 sibi

254 950 310 993 jus
324 950 359 982 in
376 950 468 982 terris
484 951 517 982 et
532 949 673 992 pasturis
696 960 776 992 quas
791 949 906 981 domus
929 949 969 981 de
992 949 1149 981 MARGAN
1173 961 1192 981 a
1216 961 1273 981 sua
1288 949 1481 982 fundatione
1496 949 1532 981 in
1548 949 1744 991 proprietate

255 1018 398 1061 possedit
421 1018 584 1050 occasione
607 1017 777 1060 cujusdam
800 1021 886 1050 carte
911 1017 1067 1050 Rosmm
1092 1018 1218 1051 comitis
1242 1018 1476 1051 GLoncEsTRm
1502 1044 1508 1050 .
1526 1020 1595 1050 tam
1614 1019 1745 1060 propter

258 1088 423 1121 diutinum
446 1090 478 1120 et
500 1088 726 1121 inconcussum
749 1099 844 1120 usum
868 1089 983 1120 domus
1005 1089 1045 1120 de
1069 1088 1225 1121 MARGAN
1249 1100 1349 1131 quam
1371 1089 1470 1121 etiam
1486 1100 1543 1132 per
1559 1099 1744 1132 expressam

257 1157 521 1200 compositionem
551 1157 636 1189 inter
651 1158 732 1189 duas
747 1158 859 1190 domos
881 1169 938 1200 per
960 1157 1159 1190 venerabiles
1174 1160 1281 1200 patres
1304 1159 1469 1201 quondam
1485 1159 1526 1190 de
1542 1158 1662 1191 Boxm:
1679 1184 1686 1190 .
1704 1158 1744 1191 de

259 1226 436 1260 WARDUN’
455 1253 461 1258 .
480 1227 519 1259 de
537 1227 710 1259 Fommns
727 1226 859 1259 abbates
874 1226 995 1259 factam
1013 1253 1018 1259 .
1037 1237 1148 1259 omnes
1162 1227 1243 1259 tales
1255 1227 1471 1269 querimonias
1486 1227 1723 1260 adnichilantes
1735 1253 1742 1259 .

257 1296 419 1328 dictorum
434 1295 665 1328 monachorum
682 1296 721 1328 de
738 1295 843 1328 NEm
859 1295 942 1328 actio
958 1295 1054 1328 debet
1068 1307 1196 1338 prorsus
1212 1296 1290 1328 elidi
1313 1321 1320 1328 .
1347 1295 1430 1328 Cum
1446 1298 1562 1328 neutra
1577 1296 1692 1329 domus
1706 1296 1742 1328 in

263 1365 395 1397 alterius
411 1365 548 1408 propriis
564 1365 657 1397 terris
672 1368 730 1397 aut
745 1366 885 1407 pasturis
900 1365 1024 1408 aliquid
1040 1365 1100 1397 sibi
1116 1366 1216 1408 possit
1230 1366 1411 1398 vendicare.

308 1447 354 1480 Et
370 1447 536 1479 sciendum
552 1447 639 1489 quod
655 1446 760 1479 forma
775 1447 875 1490 hujus
891 1447 1057 1479 concordie
1072 1447 1199 1489 provisa
1215 1447 1280 1479 fuit
1295 1459 1352 1490 per
1374 1447 1592 1480 venerabilem
1614 1448 1749 1480 fratrem

262 1518 432 1550 dominum
460 1517 481 1549 J
484 1528 656 1549 onANNEM
687 1517 791 1559 primo
819 1517 951 1559 quidem
982 1516 1132 1549 abbatem
1162 1518 1203 1549 de
1234 1517 1364 1557 Bona,
1395 1521 1429 1550 et
1454 1520 1565 1560 postea
1596 1517 1747 1550 abbatem

263 1587 434 1619 CISTERCH
451 1587 565 1618 datum
580 1586 724 1629 judicem
740 1598 759 1617 a
775 1586 917 1629 capitulo
933 1586 1076 1629 generali
1092 1586 1126 1617 in
1143 1597 1237 1618 causa
1253 1586 1315 1618 ista
1340 1612 1346 1618 .
1371 1588 1446 1618 ante
1470 1598 1628 1619 recessum
1651 1598 1746 1619 suum

264 1657 305 1688 de
330 1657 470 1688 ANGLm
498 1667 606 1688 versus
638 1655 858 1694 Ols'rERmUM,
890 1655 924 1686 in
952 1655 1146 1687 monasterio
1176 1655 1216 1687 de
1247 1655 1366 1687 Boxms
1400 1681 1405 1687 .
1438 1655 1640 1697 presentibus
1670 1657 1748 1687 tunc

265 1726 418 1768 temporis
442 1726 476 1758 in
505 1726 616 1757 eodem
643 1725 837 1757 monasterio
853 1725 892 1756 de
917 1724 1036 1756 Boxms
1064 1743 1071 1756 a
1098 1724 1137 1756 de
1161 1724 1362 1756 STRATFORD
1387 1725 1451 1757 ,de
1466 1724 1588 1758 VALLE
1605 1724 1691 1757 Dei.
1710 1725 1749 1757 de

266 1795 382 1827 Pomm—
400 1794 555 1827 Romam
572 1794 751 1827 abbatibus.
800 1793 845 1825 Et
861 1794 947 1836 quod
963 1793 1207 1835 compositiones
1223 1793 1311 1836 prius
1326 1793 1407 1825 inite
1422 1794 1508 1825 inter
1519 1794 1621 1826 dictas
1637 1793 1749 1826 domos

266 1866 307 1896 de
323 1864 427 1896 NETH
445 1867 476 1896 et
493 1864 532 1896 de
556 1863 711 1896 MARGAN
735 1867 767 1895 et
790 1862 905 1905 sigillis
928 1862 1100 1894 autenticis
1121 1861 1269 1894 roborate
1285 1874 1341 1904 per
1356 1862 1466 1894 omnia
1482 1861 1747 1895 observabuntur.

267 1933 313 1965 Et
328 1934 362 1965 in
378 1933 478 1976 hujus
493 1933 539 1965 rei
554 1932 774 1965 testimonium
791 1943 849 1964 nos
864 1932 903 1964 de
920 1931 1109 1964 RYEVALLE
1127 1956 1134 1963 .
1152 1931 1192 1963 de
1207 1930 1328 1964 VALLE
1353 1931 1417 1963 Dei
1441 1958 1447 1963 .
1466 1932 1506 1963 de
1531 1931 1747 1964 chssswmz

268 2003 400 2035 abbates
418 2014 481 2034 una
497 2013 570 2034 cum
587 2002 702 2045 sigillis
725 2002 884 2034 dictorum
907 2000 1062 2033 abbatum
1085 2001 1125 2032 de
1141 2000 1244 2033 ΝΕΤΗ
1267 2003 1300 2032 et
1315 2000 1354 2032 de
1371 1999 1526 2032 Minu-,AN
1542 2000 1617 2032 huic
1633 2000 1750 2043 scripto

269 2072 377 2115 sigilla
394 2074 502 2104 nostra
519 2071 735 2114 apposuimus.

314 2161 475 2193 Indented
492 2163 526 2192 at
542 2163 597 2202 top
615 2160 690 2192 with
710 2160 765 2191 the
780 2160 869 2191 word
885 2169 1150 2191 CYROGRAPHUM.

319 2250 403 2282 Four
419 2249 509 2288 seals,
527 2260 624 2292 green
642 2260 722 2285 wax,
740 2247 919 2289 imperfect,
936 2247 1069 2288 pointed
1086 2246 1166 2279 oval.
