1998 2724
337 184 402 215 588

959 340 1111 373 DLXII.

390 424 553 457 GRANT
592 424 648 457 AS
688 424 787 456 THE
826 423 1112 463 PRECEDING,
1154 423 1219 456 BY
1257 423 1455 463 MEURIO,
1495 423 1583 456 SON
1622 424 1681 457 OF

916 491 1159 525 OADUGAN.

830 561 1006 604 [MARGAM
1035 561 1231 605 CHARTER]

336 632 507 664 Universis
530 632 647 664 Sancte
671 632 799 664 ecclesie
824 631 898 663 filiis
922 630 1125 673 presentibus
1141 634 1173 663 et
1197 631 1316 663 futuris
1339 631 1481 663 Mnrmc
1506 632 1591 663 filius
1608 631 1775 664 CADUGAN

293 701 438 734 salutem.

337 771 452 804 Sciatis
475 771 561 813 quod
578 781 638 813 ego
662 770 794 802 consilio
811 774 843 802 et
859 781 1015 802 consensu
1040 773 1210 812 parentum
1227 772 1259 801 et
1282 770 1458 801 amicorum
1475 781 1622 801 meorum
1637 771 1776 802 concessi

291 843 323 872 et
348 840 423 872 dedi
449 843 480 871 et
506 840 564 872 hac
591 842 678 871 carta
702 839 889 871 confirmavi
916 838 986 871 Deo
1014 842 1046 870 et
1072 838 1201 871 ecclesie
1228 838 1345 870 Sancte
1369 838 1489 870 MARffl
1514 839 1554 870 de
1570 838 1725 871 MARGAN
1743 843 1775 871 et

288 910 454 942 monachis
470 909 526 951 qui
541 909 663 941 ibidem
679 908 750 940 Deo
767 908 911 940 serviunt
927 910 1031 940 totam
1053 910 1172 940 terram
1187 919 1293 940 meam
1309 908 1395 940 inter
1412 907 1727 941 WALDERESTONAM
1744 911 1777 941 et

290 980 539 1011 HOREGRAVAM
557 1004 563 1010 .
582 989 656 1011 cum
674 977 824 1010 omnibus
848 977 1055 1020 pertinenciis
1078 977 1146 1009 suis
1168 977 1203 1009 in
1226 976 1320 1009 bosco
1343 980 1375 1009 et
1398 977 1495 1019 plano
1513 980 1545 1009 et
1568 978 1602 1009 in
1626 977 1775 1010 omnibus

288 1049 360 1081 aliis
385 1048 582 1080 aisiamentis
609 1048 673 1079 suis
697 1048 731 1079 in
757 1049 945 1089 perpetuam
977 1046 1184 1078 elemosinam
1213 1071 1219 1077 .
1249 1052 1285 1078 ut
1312 1045 1453 1078 habeant
1481 1048 1513 1078 et
1540 1049 1671 1078 teneant
1702 1058 1773 1079 eam

287 1117 422 1150 liberam
438 1121 470 1149 et
486 1117 629 1159 quietam
645 1115 686 1148 ab
703 1116 792 1148 omni
816 1115 951 1148 seculari
969 1115 1100 1147 servicio
1120 1118 1152 1147 et
1173 1115 1404 1147 consuetudine
1427 1118 1459 1146 et
1483 1115 1650 1147 exactione
1667 1142 1673 1147 .
1691 1116 1774 1148 sicut

286 1188 354 1219 ulla
371 1187 544 1219 elemosina
560 1185 670 1218 haberi
687 1189 719 1217 et
736 1185 838 1217 teneri
859 1187 975 1228 potest.
1022 1184 1068 1216 Et
1089 1184 1171 1216 hanc
1193 1185 1403 1216 donacionem
1425 1184 1706 1217 warantizabimus
1729 1185 1774 1217 eis

286 1268 347 1300 ego
370 1262 400 1288 et
426 1256 558 1288 heredes
582 1256 644 1287 mei
669 1259 780 1287 eontra
806 1266 916 1286 omnes
944 1254 1100 1286 homines.
1146 1254 1192 1285 Et
1220 1258 1255 1285 ut
1284 1253 1341 1285 hec
1366 1254 1499 1285 donatio
1525 1254 1618 1285 firma
1643 1257 1774 1286 maneat

285 1327 524 1368 imperpetuum
555 1325 664 1367 sigillo
695 1336 766 1356 meo
794 1335 865 1356 eam
897 1323 1022 1355 munivi
1055 1327 1085 1355 et
1118 1334 1212 1365 super
1239 1323 1420 1354 sanctuaria
1447 1322 1630 1365 juravimus
1657 1334 1716 1365 ego
1742 1325 1774 1355 et

286 1395 429 1429 anu
446 1395 547 1426 frater
563 1405 653 1426 meus
671 1420 676 1425 .
695 1397 727 1425 et
743 1396 835 1436 pater
852 1395 960 1425 noster
976 1392 1143 1425 CADUGAN
1164 1417 1171 1425 .
1188 1395 1219 1424 et
1239 1391 1360 1424 CANAN
1387 1392 1568 1424 avunculus
1592 1395 1700 1424 noster
1717 1418 1723 1423 .
1741 1396 1773 1425 et

286 1466 345 1497 filii
367 1465 416 1497 sui
436 1469 467 1497 et
490 1464 549 1496 filii
572 1463 717 1496 LUARCH
741 1463 890 1495 avunculi
916 1462 1026 1494 nostri.
1075 1461 1141 1494 His
1162 1461 1298 1494 testibus
1324 1487 1328 1492 .
1355 1462 1486 1493 domino
1512 1461 1711 1494 WILLELMO
1733 1463 1772 1494 de

286 1534 402 1567 BRAUS
421 1560 426 1565 .
446 1533 624 1566 WALTERO
648 1533 688 1564 de
705 1531 810 1564 SULIA
828 1536 907 1564 tunc
923 1531 1109 1564 vicecomite
1126 1531 1165 1562 de
1190 1530 1408 1563 GLAMORGAN
1430 1557 1435 1562 .
1454 1530 1574 1563 HnmA
1591 1532 1711 1563 deoano
1734 1532 1774 1564 de

286 1604 385 1636 Novo
409 1614 530 1635 ‹tAs‘rno
549 1629 554 1634 .
573 1603 741 1634 JOHANNE
765 1602 867 1634 BRUN
895 1600 1131 1634 constabulario
1156 1600 1195 1632 de
1219 1599 1389 1631 KENEFEG
1419 1625 1424 1631 .
1451 1599 1637 1631 STEPHANO
1661 1600 1772 1632 clerico

288 1673 428 1706 OSMssuo
453 1672 600 1705 OtiuiAN.

331 1742 554 1774 ΕΠάοι-ιεεᾱ-ί
567 1740 665 1773 Carta
682 1740 807 1783 Meuric
823 1740 881 1772 filii
898 1739 1057 1782 Cadugan
1074 1739 1113 1770 dc
1130 1741 1198 1770 tota
1214 1742 1299 1770 terra
1315 1749 1372 1770 sua
1387 1738 1473 1770 inter
1491 1737 1772 1770 Walderestonam

288 1816 319 1845 et
337 1811 586 1854 Horegravam.'

941 1927 1111 1961 DLXIII.

288 2010 597 2044 ABJURATION
624 2009 690 2042 BY
722 2008 917 2048 GRADOG,
944 2009 1033 2041 SON
1065 2008 1124 2040 OF
1151 2005 1382 2046 RIGHARD,
1407 2006 1510 2038 AND
1538 2005 1620 2038 HIS
1647 2003 1770 2045 SONS,

365 2080 423 2113 ΤΟ
455 2079 665 2112 MARGAM
696 2078 870 2118 ABEEY,
903 2078 962 2110 OF
994 2077 1169 2110 OLAIMS
1201 2074 1255 2108 IN
1287 2073 1693 2108 EGLISKEYNWUR.

828 2148 1003 2191 [MARGAM
1037 2145 1233 2188 CHARTER]

331 2219 490 2252 Omnibus
518 2219 661 2251 Cuuis‘ri
691 2217 840 2250 fidelibus
865 2228 993 2259 presens
1017 2216 1173 2258 scriptum
1198 2215 1314 2247 visuris
1339 2213 1390 2246 vel
1413 2213 1572 2246 audituris
1596 2212 1772 2245 Omnocus

286 2290 372 2322 filius
395 2289 544 2321 Rumam
569 2288 717 2320 salutem.
