<?xml version="1.0" encoding="UTF-8"?>
<!DOCTYPE html PUBLIC "-//W3C//DTD XHTML 1.0 Transitional//EN"
    "http://www.w3.org/TR/xhtml1/DTD/xhtml1-transitional.dtd">
<html xmlns="http://www.w3.org/1999/xhtml" xml:lang="en" lang="en">
 <head>
  <title>
</title>
<meta http-equiv="Content-Type" content="text/html;charset=utf-8" />
  <meta name='ocr-system' content='tesseract 3.04.00' />
  <meta name='ocr-capabilities' content='ocr_page ocr_carea ocr_par ocr_line ocrx_word'/>
</head>
<body>
  <div class='ocr_page' id='page_1' title='image "./cartaeetaliamuni02claruoft_0483.png"; bbox 0 0 1998 2724; ppageno 0'>
   <div class='ocr_carea' id='block_1_1' title="bbox 1534 152 1596 183">
    <p class='ocr_par' dir='ltr' id='par_1_1' title="bbox 1534 152 1596 183">
     <span class='ocr_line' id='line_1_1' title="bbox 1534 152 1596 183; baseline 0 0"><span class='ocrx_word' id='word_1_1' title='bbox 1534 152 1596 183; x_wconf 88' lang='lat'>699</span> 
     </span>
    </p>
   </div>
   <div class='ocr_carea' id='block_1_2' title="bbox 165 309 1651 2218">
    <p class='ocr_par' dir='ltr' id='par_1_2' title="bbox 165 309 1651 2218">
     <span class='ocr_line' id='line_1_2' title="bbox 168 309 1641 355; baseline -0.003 -10"><span class='ocrx_word' id='word_1_2' title='bbox 168 313 285 345; x_wconf 84' lang='lat' dir='ltr'>mentis</span> <span class='ocrx_word' id='word_1_3' title='bbox 323 323 384 355; x_wconf 84' lang='lat' dir='ltr'>que</span> <span class='ocrx_word' id='word_1_4' title='bbox 421 312 508 344; x_wconf 87' lang='lat' dir='ltr'>idem</span> <span class='ocrx_word' id='word_1_5' title='bbox 548 311 570 344; x_wconf 84' lang='lat' dir='ltr'><strong>J</strong></span> <span class='ocrx_word' id='word_1_6' title='bbox 573 321 732 343; x_wconf 77' lang='lat' dir='ltr'>OHANNES</span> <span class='ocrx_word' id='word_1_7' title='bbox 762 313 851 343; x_wconf 85' lang='lat' dir='ltr'>tenet</span> <span class='ocrx_word' id='word_1_8' title='bbox 880 310 915 343; x_wconf 93' lang='lat' dir='ltr'>in</span> <span class='ocrx_word' id='word_1_9' title='bbox 946 310 1208 343; x_wconf 74' lang='lat' dir='ltr'>BONEVILESTON</span> <span class='ocrx_word' id='word_1_10' title='bbox 1239 311 1279 342; x_wconf 89' lang='lat' dir='ltr'>de</span> <span class='ocrx_word' id='word_1_11' title='bbox 1309 310 1434 352; x_wconf 74' lang='lat' dir='ltr'>prefato</span> <span class='ocrx_word' id='word_1_12' title='bbox 1464 309 1578 342; x_wconf 78' lang='lat' dir='ltr'>abbate</span> <span class='ocrx_word' id='word_1_13' title='bbox 1609 312 1641 341; x_wconf 90' lang='lat' dir='ltr'>et</span> 
     </span>
     <span class='ocr_line' id='line_1_3' title="bbox 168 378 1643 423; baseline -0.003 -9"><span class='ocrx_word' id='word_1_14' title='bbox 168 381 298 414; x_wconf 84' lang='lat' dir='ltr'>ecclesia</span> <span class='ocrx_word' id='word_1_15' title='bbox 335 393 392 413; x_wconf 82' lang='lat' dir='ltr'>sua</span> <span class='ocrx_word' id='word_1_16' title='bbox 432 380 575 423; x_wconf 83' lang='lat' dir='ltr'>predicta</span> <span class='ocrx_word' id='word_1_17' title='bbox 620 380 654 412; x_wconf 91' lang='lat' dir='ltr'>in</span> <span class='ocrx_word' id='word_1_18' title='bbox 695 380 958 412; x_wconf 77' lang='lat' dir='ltr'><strong>BONEVILESTON</strong></span> <span class='ocrx_word' id='word_1_19' title='bbox 997 378 1174 411; x_wconf 82' lang='lat' dir='ltr'>amicabilis</span> <span class='ocrx_word' id='word_1_20' title='bbox 1210 379 1398 421; x_wconf 77' lang='lat' dir='ltr'>composicio</span> <span class='ocrx_word' id='word_1_21' title='bbox 1437 379 1521 410; x_wconf 76' lang='lat' dir='ltr'>inter</span> <span class='ocrx_word' id='word_1_22' title='bbox 1559 379 1643 420; x_wconf 87' lang='lat' dir='ltr'>ipsos</span> 
     </span>
     <span class='ocr_line' id='line_1_4' title="bbox 166 447 1642 493; baseline -0.003 -10"><span class='ocrx_word' id='word_1_23' title='bbox 166 451 348 493; x_wconf 87' lang='lat' dir='ltr'>conquievit</span> <span class='ocrx_word' id='word_1_24' title='bbox 372 449 430 482; x_wconf 90' lang='lat' dir='ltr'>sub</span> <span class='ocrx_word' id='word_1_25' title='bbox 448 449 508 481; x_wconf 81' lang='lat' dir='ltr'>tali</span> <span class='ocrx_word' id='word_1_26' title='bbox 527 451 628 481; x_wconf 81' lang='lat' dir='ltr'>forma</span> <span class='ocrx_word' id='word_1_27' title='bbox 648 449 795 482; x_wconf 86' lang='lat' dir='ltr'>videlicet</span> <span class='ocrx_word' id='word_1_28' title='bbox 815 449 902 492; x_wconf 87' lang='lat' dir='ltr'>quod</span> <span class='ocrx_word' id='word_1_29' title='bbox 919 449 1065 491; x_wconf 79' lang='lat' dir='ltr'>prefatus</span> <span class='ocrx_word' id='word_1_30' title='bbox 1084 448 1107 481; x_wconf 84' lang='lat' dir='ltr'>J</span> <span class='ocrx_word' id='word_1_31' title='bbox 1109 459 1267 480; x_wconf 72' lang='lat' dir='ltr'>OHANNES</span> <span class='ocrx_word' id='word_1_32' title='bbox 1287 459 1344 490; x_wconf 87' lang='lat' dir='ltr'>pro</span> <span class='ocrx_word' id='word_1_33' title='bbox 1366 459 1397 480; x_wconf 84' lang='lat' dir='ltr'>se</span> <span class='ocrx_word' id='word_1_34' title='bbox 1418 450 1450 479; x_wconf 91' lang='lat' dir='ltr'>et</span> <span class='ocrx_word' id='word_1_35' title='bbox 1473 447 1642 479; x_wconf 81' lang='lat' dir='ltr'>heredibus</span> 
     </span>
     <span class='ocr_line' id='line_1_5' title="bbox 166 517 1641 562; baseline -0.002 -11"><span class='ocrx_word' id='word_1_36' title='bbox 166 521 231 552; x_wconf 84' lang='lat' dir='ltr'>suis</span> <span class='ocrx_word' id='word_1_37' title='bbox 246 522 279 551; x_wconf 88' lang='lat' dir='ltr'>et</span> <span class='ocrx_word' id='word_1_38' title='bbox 294 519 465 562; x_wconf 77' lang='lat' dir='ltr'>assignatis</span> <span class='ocrx_word' id='word_1_39' title='bbox 481 518 546 550; x_wconf 88' lang='lat' dir='ltr'>suis</span> <span class='ocrx_word' id='word_1_40' title='bbox 561 519 748 561; x_wconf 76' lang='lat' dir='ltr'>recognovit</span> <span class='ocrx_word' id='word_1_41' title='bbox 763 521 796 551; x_wconf 82' lang='lat' dir='ltr'>et</span> <span class='ocrx_word' id='word_1_42' title='bbox 811 518 964 550; x_wconf 77' lang='lat' dir='ltr'>concessit</span> <span class='ocrx_word' id='word_1_43' title='bbox 980 529 1012 550; x_wconf 89' lang='lat' dir='ltr'>se</span> <span class='ocrx_word' id='word_1_44' title='bbox 1032 520 1140 550; x_wconf 85' lang='lat' dir='ltr'>tenere</span> <span class='ocrx_word' id='word_1_45' title='bbox 1164 517 1272 549; x_wconf 87' lang='lat' dir='ltr'>omnia</span> <span class='ocrx_word' id='word_1_46' title='bbox 1294 517 1437 559; x_wconf 83' lang='lat' dir='ltr'>predicta</span> <span class='ocrx_word' id='word_1_47' title='bbox 1458 519 1641 549; x_wconf 80' lang='lat' dir='ltr'>tenementa</span> 
     </span>
     <span class='ocr_line' id='line_1_6' title="bbox 165 586 1642 631; baseline -0.003 -11"><span class='ocrx_word' id='word_1_48' title='bbox 165 589 205 620; x_wconf 91' lang='lat' dir='ltr'>de</span> <span class='ocrx_word' id='word_1_49' title='bbox 220 588 363 631; x_wconf 84' lang='lat' dir='ltr'>predicto</span> <span class='ocrx_word' id='word_1_50' title='bbox 379 587 494 620; x_wconf 79' lang='lat' dir='ltr'>abbate</span> <span class='ocrx_word' id='word_1_51' title='bbox 511 591 542 619; x_wconf 81' lang='lat' dir='ltr'>et</span> <span class='ocrx_word' id='word_1_52' title='bbox 558 587 688 620; x_wconf 81' lang='lat' dir='ltr'>ecclesia</span> <span class='ocrx_word' id='word_1_53' title='bbox 704 598 761 619; x_wconf 81' lang='lat' dir='ltr'>sua</span> <span class='ocrx_word' id='word_1_54' title='bbox 776 587 920 630; x_wconf 88' lang='lat' dir='ltr'>predicta</span> <span class='ocrx_word' id='word_1_55' title='bbox 935 598 991 629; x_wconf 86' lang='lat' dir='ltr'>per</span> <span class='ocrx_word' id='word_1_56' title='bbox 1002 586 1170 619; x_wconf 72' lang='lat' dir='ltr'>servicium</span> <span class='ocrx_word' id='word_1_57' title='bbox 1186 586 1354 618; x_wconf 83' lang='lat' dir='ltr'>duodecim</span> <span class='ocrx_word' id='word_1_58' title='bbox 1367 586 1570 617; x_wconf 80' lang='lat' dir='ltr'>denariorum</span> <span class='ocrx_word' id='word_1_59' title='bbox 1586 597 1642 628; x_wconf 88' lang='lat' dir='ltr'>per</span> 
     </span>
     <span class='ocr_line' id='line_1_7' title="bbox 167 654 1643 697; baseline -0.002 -8"><span class='ocrx_word' id='word_1_60' title='bbox 167 669 289 690; x_wconf 87' lang='lat' dir='ltr'>annum</span> <span class='ocrx_word' id='word_1_61' title='bbox 306 658 347 689; x_wconf 89' lang='lat' dir='ltr'>ad</span> <span class='ocrx_word' id='word_1_62' title='bbox 362 657 482 689; x_wconf 81' lang='lat' dir='ltr'>festum</span> <span class='ocrx_word' id='word_1_63' title='bbox 498 656 609 689; x_wconf 83' lang='lat' dir='ltr'>Sancti</span> <span class='ocrx_word' id='word_1_64' title='bbox 625 656 821 688; x_wconf 64' lang='lat' dir='ltr'>Mmmnms</span> <span class='ocrx_word' id='word_1_65' title='bbox 837 659 869 688; x_wconf 88' lang='lat' dir='ltr'>et</span> <span class='ocrx_word' id='word_1_66' title='bbox 885 656 1032 688; x_wconf 82' lang='lat' dir='ltr'>faciendo</span> <span class='ocrx_word' id='word_1_67' title='bbox 1048 658 1166 688; x_wconf 84' lang='lat' dir='ltr'>sectam</span> <span class='ocrx_word' id='word_1_68' title='bbox 1183 656 1223 687; x_wconf 84' lang='lat' dir='ltr'>ad</span> <span class='ocrx_word' id='word_1_69' title='bbox 1247 655 1369 687; x_wconf 86' lang='lat' dir='ltr'>curiam</span> <span class='ocrx_word' id='word_1_70' title='bbox 1384 654 1503 697; x_wconf 77' lang='lat' dir='ltr'>prefati</span> <span class='ocrx_word' id='word_1_71' title='bbox 1519 654 1643 686; x_wconf 82' lang='lat' dir='ltr'>abbatis</span> 
     </span>
     <span class='ocr_line' id='line_1_8' title="bbox 166 723 1642 766; baseline -0.003 -8"><span class='ocrx_word' id='word_1_72' title='bbox 166 727 206 758; x_wconf 92' lang='grc'>(16</span> <span class='ocrx_word' id='word_1_73' title='bbox 233 726 494 758; x_wconf 63' lang='grc' dir='ltr'><strong>ΒοΝΕνῙιΕεΤΟΝ</strong></span> <span class='ocrx_word' id='word_1_74' title='bbox 523 726 562 757; x_wconf 86' lang='grc'>(16</span> <span class='ocrx_word' id='word_1_75' title='bbox 587 736 694 757; x_wconf 87' lang='lat' dir='ltr'>mense</span> <span class='ocrx_word' id='word_1_76' title='bbox 720 725 754 757; x_wconf 91' lang='lat' dir='ltr'>in</span> <span class='ocrx_word' id='word_1_77' title='bbox 776 736 928 765; x_wconf 85' lang='lat' dir='ltr'>mensem,</span> <span class='ocrx_word' id='word_1_78' title='bbox 953 728 985 757; x_wconf 92' lang='lat' dir='ltr'>et</span> <span class='ocrx_word' id='word_1_79' title='bbox 1009 725 1203 757; x_wconf 80' lang='lat' dir='ltr'>forinsecum</span> <span class='ocrx_word' id='word_1_80' title='bbox 1227 724 1396 756; x_wconf 83' lang='lat' dir='ltr'>servicium</span> <span class='ocrx_word' id='word_1_81' title='bbox 1416 726 1574 766; x_wconf 73' lang='lat' dir='ltr'>quantum</span> <span class='ocrx_word' id='word_1_82' title='bbox 1601 723 1642 754; x_wconf 84' lang='lat' dir='ltr'>ad</span> 
     </span>
     <span class='ocr_line' id='line_1_9' title="bbox 167 792 1643 837; baseline -0.003 -10"><span class='ocrx_word' id='word_1_83' title='bbox 167 798 296 828; x_wconf 84' lang='lat' dir='ltr'>tantum</span> <span class='ocrx_word' id='word_1_84' title='bbox 315 797 536 828; x_wconf 75' lang='lat' dir='ltr'>tenementum</span> <span class='ocrx_word' id='word_1_85' title='bbox 556 795 706 837; x_wconf 75' lang='lat' dir='ltr'>pertinet,</span> <span class='ocrx_word' id='word_1_86' title='bbox 728 798 761 826; x_wconf 83' lang='lat' dir='ltr'>et</span> <span class='ocrx_word' id='word_1_87' title='bbox 776 793 970 826; x_wconf 79' lang='lat' dir='ltr'>racionabile</span> <span class='ocrx_word' id='word_1_88' title='bbox 988 794 1142 826; x_wconf 87' lang='lat' dir='ltr'>relevium</span> <span class='ocrx_word' id='word_1_89' title='bbox 1161 804 1233 825; x_wconf 86' lang='lat' dir='ltr'>cum</span> <span class='ocrx_word' id='word_1_90' title='bbox 1250 793 1401 832; x_wconf 82' lang='lat' dir='ltr'>evenerit,</span> <span class='ocrx_word' id='word_1_91' title='bbox 1419 795 1450 824; x_wconf 89' lang='lat' dir='ltr'>et</span> <span class='ocrx_word' id='word_1_92' title='bbox 1467 792 1643 824; x_wconf 77' lang='lat' dir='ltr'>custodiam</span> 
     </span>
     <span class='ocr_line' id='line_1_10' title="bbox 168 861 1644 907; baseline -0.002 -11"><span class='ocrx_word' id='word_1_93' title='bbox 168 865 385 907; x_wconf 81' lang='lat' dir='ltr'>predictorum</span> <span class='ocrx_word' id='word_1_94' title='bbox 397 866 655 896; x_wconf 86' lang='lat' dir='ltr'>tenementorum</span> <span class='ocrx_word' id='word_1_95' title='bbox 667 863 701 895; x_wconf 91' lang='lat' dir='ltr'>in</span> <span class='ocrx_word' id='word_1_96' title='bbox 712 866 855 905; x_wconf 86' lang='lat' dir='ltr'>tempore</span> <span class='ocrx_word' id='word_1_97' title='bbox 867 863 1000 895; x_wconf 87' lang='lat' dir='ltr'>minoris</span> <span class='ocrx_word' id='word_1_98' title='bbox 1010 863 1104 895; x_wconf 82' lang='lat' dir='ltr'>etatis</span> <span class='ocrx_word' id='word_1_99' title='bbox 1116 863 1272 894; x_wconf 89' lang='lat' dir='ltr'>heredum</span> <span class='ocrx_word' id='word_1_100' title='bbox 1282 873 1412 894; x_wconf 82' lang='lat' dir='ltr'>suorum</span> <span class='ocrx_word' id='word_1_101' title='bbox 1422 873 1476 894; x_wconf 88' lang='lat' dir='ltr'>seu</span> <span class='ocrx_word' id='word_1_102' title='bbox 1490 861 1644 893; x_wconf 86' lang='lat' dir='ltr'>heredum</span> 
     </span>
     <span class='ocr_line' id='line_1_11' title="bbox 169 931 1645 977; baseline -0.003 -11"><span class='ocrx_word' id='word_1_103' title='bbox 169 935 405 977; x_wconf 81' lang='lat' dir='ltr'>assignatorum</span> <span class='ocrx_word' id='word_1_104' title='bbox 417 945 547 966; x_wconf 87' lang='lat' dir='ltr'>suorum</span> <span class='ocrx_word' id='word_1_105' title='bbox 558 936 589 965; x_wconf 89' lang='lat' dir='ltr'>et</span> <span class='ocrx_word' id='word_1_106' title='bbox 601 933 800 965; x_wconf 81' lang='lat' dir='ltr'>fidelitatem.</span> <span class='ocrx_word' id='word_1_107' title='bbox 848 932 911 964; x_wconf 90' lang='lat' dir='ltr'>Pro</span> <span class='ocrx_word' id='word_1_108' title='bbox 921 932 981 964; x_wconf 82' lang='lat' dir='ltr'>hac</span> <span class='ocrx_word' id='word_1_109' title='bbox 994 935 1102 964; x_wconf 89' lang='lat' dir='ltr'>autem</span> <span class='ocrx_word' id='word_1_110' title='bbox 1118 932 1339 974; x_wconf 80' lang='lat' dir='ltr'>recognicione</span> <span class='ocrx_word' id='word_1_111' title='bbox 1351 931 1550 963; x_wconf 81' lang='lat' dir='ltr'>concessione</span> <span class='ocrx_word' id='word_1_112' title='bbox 1563 933 1595 962; x_wconf 92' lang='lat' dir='ltr'>et</span> <span class='ocrx_word' id='word_1_113' title='bbox 1605 931 1645 962; x_wconf 86' lang='lat' dir='ltr'>ad</span> 
     </span>
     <span class='ocr_line' id='line_1_12' title="bbox 166 1000 1645 1036; baseline -0.003 -1"><span class='ocrx_word' id='word_1_114' title='bbox 166 1003 359 1036; x_wconf 82' lang='lat' dir='ltr'>instanciam</span> <span class='ocrx_word' id='word_1_115' title='bbox 378 1002 500 1034; x_wconf 89' lang='lat' dir='ltr'>domini</span> <span class='ocrx_word' id='word_1_116' title='bbox 525 1001 737 1035; x_wconf 78' lang='lat' dir='ltr'>GILLEBERTI</span> <span class='ocrx_word' id='word_1_117' title='bbox 762 1002 801 1033; x_wconf 87' lang='lat' dir='ltr'>de</span> <span class='ocrx_word' id='word_1_118' title='bbox 826 1001 942 1033; x_wconf 48' lang='lat' dir='ltr'>Omni</span> <span class='ocrx_word' id='word_1_119' title='bbox 966 1001 1090 1033; x_wconf 87' lang='lat' dir='ltr'>comitis</span> <span class='ocrx_word' id='word_1_120' title='bbox 1113 1000 1347 1033; x_wconf 74' lang='lat' dir='ltr'>GLoucEsTmn</span> <span class='ocrx_word' id='word_1_121' title='bbox 1369 1003 1400 1032; x_wconf 84' lang='lat' dir='ltr'>et</span> <span class='ocrx_word' id='word_1_122' title='bbox 1416 1000 1645 1032; x_wconf 74' lang='lat' dir='ltr'>HERTFORDIE</span> 
     </span>
     <span class='ocr_line' id='line_1_13' title="bbox 167 1069 1646 1115; baseline -0.003 -10"><span class='ocrx_word' id='word_1_123' title='bbox 167 1074 311 1115; x_wconf 81' lang='lat' dir='ltr'>prefatus</span> <span class='ocrx_word' id='word_1_124' title='bbox 326 1071 423 1104; x_wconf 89' lang='lat' dir='ltr'>abbas</span> <span class='ocrx_word' id='word_1_125' title='bbox 438 1083 496 1114; x_wconf 88' lang='lat' dir='ltr'>pro</span> <span class='ocrx_word' id='word_1_126' title='bbox 512 1083 544 1104; x_wconf 87' lang='lat' dir='ltr'>se</span> <span class='ocrx_word' id='word_1_127' title='bbox 560 1074 592 1103; x_wconf 87' lang='lat' dir='ltr'>et</span> <span class='ocrx_word' id='word_1_128' title='bbox 607 1070 837 1103; x_wconf 84' lang='lat' dir='ltr'>successoribus</span> <span class='ocrx_word' id='word_1_129' title='bbox 853 1071 918 1102; x_wconf 85' lang='lat' dir='ltr'>suis</span> <span class='ocrx_word' id='word_1_130' title='bbox 935 1073 967 1102; x_wconf 89' lang='lat' dir='ltr'>et</span> <span class='ocrx_word' id='word_1_131' title='bbox 982 1070 1113 1102; x_wconf 85' lang='lat' dir='ltr'>ecclesia</span> <span class='ocrx_word' id='word_1_132' title='bbox 1129 1081 1186 1102; x_wconf 86' lang='lat' dir='ltr'>sua</span> <span class='ocrx_word' id='word_1_133' title='bbox 1202 1069 1294 1102; x_wconf 81' lang='lat' dir='ltr'>beate</span> <span class='ocrx_word' id='word_1_134' title='bbox 1307 1069 1428 1101; x_wconf 69' lang='lat' dir='ltr'>MAqu</span> <span class='ocrx_word' id='word_1_135' title='bbox 1441 1070 1480 1101; x_wconf 86' lang='lat' dir='ltr'>de</span> <span class='ocrx_word' id='word_1_136' title='bbox 1491 1069 1646 1101; x_wconf 73' lang='lat' dir='ltr'>MARGAN</span> 
     </span>
     <span class='ocr_line' id='line_1_14' title="bbox 169 1138 1648 1182; baseline -0.003 -8"><span class='ocrx_word' id='word_1_137' title='bbox 169 1141 322 1174; x_wconf 78' lang='lat' dir='ltr'>concessit</span> <span class='ocrx_word' id='word_1_138' title='bbox 345 1141 551 1173; x_wconf 80' lang='lat' dir='ltr'>warantizare</span> <span class='ocrx_word' id='word_1_139' title='bbox 573 1140 700 1182; x_wconf 79' lang='lat' dir='ltr'>prefata</span> <span class='ocrx_word' id='word_1_140' title='bbox 720 1142 905 1172; x_wconf 79' lang='lat' dir='ltr'>tenementa</span> <span class='ocrx_word' id='word_1_141' title='bbox 923 1140 963 1172; x_wconf 87' lang='lat' dir='ltr'>de</span> <span class='ocrx_word' id='word_1_142' title='bbox 982 1139 1075 1172; x_wconf 77' lang='lat' dir='ltr'>feodo</span> <span class='ocrx_word' id='word_1_143' title='bbox 1098 1151 1154 1171; x_wconf 88' lang='lat' dir='ltr'>suo</span> <span class='ocrx_word' id='word_1_144' title='bbox 1175 1139 1215 1171; x_wconf 89' lang='grc'>(16</span> <span class='ocrx_word' id='word_1_145' title='bbox 1239 1139 1501 1171; x_wconf 67' lang='lat' dir='ltr'>BomvmsmN</span> <span class='ocrx_word' id='word_1_146' title='bbox 1522 1138 1648 1180; x_wconf 78' lang='lat' dir='ltr'>prefato</span> 
     </span>
     <span class='ocr_line' id='line_1_15' title="bbox 169 1208 1649 1251; baseline -0.003 -8"><span class='ocrx_word' id='word_1_147' title='bbox 169 1211 191 1244; x_wconf 87' lang='lat' dir='ltr'>J</span> <span class='ocrx_word' id='word_1_148' title='bbox 194 1222 328 1243; x_wconf 72' lang='grc' dir='ltr'><strong>οΗΑΝΝι</strong></span> <span class='ocrx_word' id='word_1_149' title='bbox 344 1211 373 1243; x_wconf 90' lang='lat' dir='ltr'>le</span> <span class='ocrx_word' id='word_1_150' title='bbox 389 1210 552 1243; x_wconf 62' lang='lat' dir='ltr'>Noun-s</span> <span class='ocrx_word' id='word_1_151' title='bbox 567 1212 600 1242; x_wconf 90' lang='lat' dir='ltr'>et</span> <span class='ocrx_word' id='word_1_152' title='bbox 615 1209 786 1242; x_wconf 87' lang='lat' dir='ltr'>heredibus</span> <span class='ocrx_word' id='word_1_153' title='bbox 802 1209 867 1241; x_wconf 85' lang='lat' dir='ltr'>suis</span> <span class='ocrx_word' id='word_1_154' title='bbox 880 1209 905 1241; x_wconf 91' lang='lat' dir='ltr'>si</span> <span class='ocrx_word' id='word_1_155' title='bbox 926 1209 1098 1251; x_wconf 85' lang='lat' dir='ltr'>contigerit</span> <span class='ocrx_word' id='word_1_156' title='bbox 1122 1209 1206 1251; x_wconf 85' lang='lat' dir='ltr'>ipsos</span> <span class='ocrx_word' id='word_1_157' title='bbox 1222 1208 1262 1240; x_wconf 89' lang='lat' dir='ltr'>ab</span> <span class='ocrx_word' id='word_1_158' title='bbox 1278 1208 1441 1250; x_wconf 79' lang='lat' dir='ltr'>aliquibus</span> <span class='ocrx_word' id='word_1_159' title='bbox 1456 1208 1649 1249; x_wconf 79' lang='lat' dir='ltr'>implacitari</span> 
     </span>
     <span class='ocr_line' id='line_1_16' title="bbox 169 1277 1649 1322; baseline -0.003 -10"><span class='ocrx_word' id='word_1_160' title='bbox 169 1291 226 1322; x_wconf 84' lang='lat' dir='ltr'>per</span> <span class='ocrx_word' id='word_1_161' title='bbox 241 1280 336 1312; x_wconf 91' lang='lat' dir='ltr'>breve</span> <span class='ocrx_word' id='word_1_162' title='bbox 352 1279 475 1311; x_wconf 87' lang='lat' dir='ltr'>domini</span> <span class='ocrx_word' id='word_1_163' title='bbox 493 1279 705 1312; x_wconf 60' lang='lat' dir='ltr'>&amp;nmmum-1</span> <span class='ocrx_word' id='word_1_164' title='bbox 722 1279 761 1310; x_wconf 92' lang='grc'>(16</span> <span class='ocrx_word' id='word_1_165' title='bbox 778 1277 895 1310; x_wconf 72' lang='lat' dir='ltr'>CLARA</span> <span class='ocrx_word' id='word_1_166' title='bbox 911 1278 1036 1310; x_wconf 89' lang='lat' dir='ltr'>comitis</span> <span class='ocrx_word' id='word_1_167' title='bbox 1059 1277 1294 1310; x_wconf 61' lang='lat' dir='ltr'>GLOUCESTROE</span> <span class='ocrx_word' id='word_1_168' title='bbox 1316 1285 1347 1309; x_wconf 84' lang='lat' dir='ltr'>et</span> <span class='ocrx_word' id='word_1_169' title='bbox 1368 1277 1598 1309; x_wconf 78' lang='lat' dir='ltr'>HERTFORDIE</span> <span class='ocrx_word' id='word_1_170' title='bbox 1615 1277 1649 1308; x_wconf 91' lang='lat' dir='ltr'>in</span> 
     </span>
     <span class='ocr_line' id='line_1_17' title="bbox 169 1346 1651 1389; baseline -0.002 -8"><span class='ocrx_word' id='word_1_171' title='bbox 169 1349 324 1381; x_wconf 76' lang='lat' dir='ltr'>comitatu</span> <span class='ocrx_word' id='word_1_172' title='bbox 344 1350 384 1380; x_wconf 86' lang='lat' dir='ltr'>de</span> <span class='ocrx_word' id='word_1_173' title='bbox 403 1348 542 1380; x_wconf 75' lang='lat' dir='ltr'>KARDIF</span> <span class='ocrx_word' id='word_1_174' title='bbox 566 1348 625 1380; x_wconf 86' lang='lat' dir='ltr'>sub</span> <span class='ocrx_word' id='word_1_175' title='bbox 646 1348 704 1380; x_wconf 88' lang='lat' dir='ltr'>tali</span> <span class='ocrx_word' id='word_1_176' title='bbox 729 1348 915 1380; x_wconf 83' lang='lat' dir='ltr'>condicione</span> <span class='ocrx_word' id='word_1_177' title='bbox 942 1348 1028 1389; x_wconf 89' lang='lat' dir='ltr'>quod</span> <span class='ocrx_word' id='word_1_178' title='bbox 1053 1347 1079 1379; x_wconf 90' lang='lat' dir='ltr'>si</span> <span class='ocrx_word' id='word_1_179' title='bbox 1106 1347 1192 1379; x_wconf 88' lang='lat' dir='ltr'>idem</span> <span class='ocrx_word' id='word_1_180' title='bbox 1217 1346 1456 1379; x_wconf 65' lang='lat' dir='ltr'>Gnmnenmns</span> <span class='ocrx_word' id='word_1_181' title='bbox 1481 1346 1579 1379; x_wconf 83' lang='lat' dir='ltr'>abbas</span> <span class='ocrx_word' id='word_1_182' title='bbox 1600 1346 1651 1378; x_wconf 84' lang='lat' dir='ltr'>vel</span> 
     </span>
     <span class='ocr_line' id='line_1_18' title="bbox 171 1415 1650 1460; baseline -0.002 -10"><span class='ocrx_word' id='word_1_183' title='bbox 171 1418 288 1460; x_wconf 83' lang='lat' dir='ltr'>aliquis</span> <span class='ocrx_word' id='word_1_184' title='bbox 303 1418 385 1450; x_wconf 85' lang='lat' dir='ltr'>alius</span> <span class='ocrx_word' id='word_1_185' title='bbox 402 1417 499 1450; x_wconf 81' lang='lat' dir='ltr'>abbas</span> <span class='ocrx_word' id='word_1_186' title='bbox 514 1428 671 1450; x_wconf 86' lang='lat' dir='ltr'>successor</span> <span class='ocrx_word' id='word_1_187' title='bbox 686 1429 762 1449; x_wconf 89' lang='lat' dir='ltr'>suus</span> <span class='ocrx_word' id='word_1_188' title='bbox 778 1417 818 1448; x_wconf 90' lang='lat' dir='ltr'>de</span> <span class='ocrx_word' id='word_1_189' title='bbox 834 1416 966 1449; x_wconf 86' lang='lat' dir='ltr'>abbacia</span> <span class='ocrx_word' id='word_1_190' title='bbox 987 1417 1026 1448; x_wconf 87' lang='lat' dir='ltr'>de</span> <span class='ocrx_word' id='word_1_191' title='bbox 1047 1416 1202 1448; x_wconf 71' lang='lat' dir='ltr'>MARGAN</span> <span class='ocrx_word' id='word_1_192' title='bbox 1224 1417 1258 1447; x_wconf 88' lang='lat' dir='ltr'>in</span> <span class='ocrx_word' id='word_1_193' title='bbox 1279 1416 1403 1458; x_wconf 75' lang='lat' dir='ltr'>prefato</span> <span class='ocrx_word' id='word_1_194' title='bbox 1423 1416 1578 1447; x_wconf 82' lang='lat' dir='ltr'>comitatu</span> <span class='ocrx_word' id='word_1_195' title='bbox 1599 1415 1650 1447; x_wconf 88' lang='lat' dir='ltr'>vel</span> 
     </span>
     <span class='ocr_line' id='line_1_19' title="bbox 172 1485 1651 1529; baseline -0.002 -10"><span class='ocrx_word' id='word_1_196' title='bbox 172 1487 250 1519; x_wconf 80' lang='lat' dir='ltr'>alibi</span> <span class='ocrx_word' id='word_1_197' title='bbox 266 1487 322 1519; x_wconf 89' lang='lat' dir='ltr'>ubi</span> <span class='ocrx_word' id='word_1_198' title='bbox 337 1487 527 1529; x_wconf 85' lang='lat' dir='ltr'>respondere</span> <span class='ocrx_word' id='word_1_199' title='bbox 543 1486 657 1518; x_wconf 84' lang='lat' dir='ltr'>debeat</span> <span class='ocrx_word' id='word_1_200' title='bbox 677 1497 787 1518; x_wconf 87' lang='lat' dir='ltr'>versus</span> <span class='ocrx_word' id='word_1_201' title='bbox 808 1496 1003 1528; x_wconf 87' lang='lat' dir='ltr'>quemquam</span> <span class='ocrx_word' id='word_1_202' title='bbox 1021 1486 1128 1527; x_wconf 87' lang='lat' dir='ltr'>ipsum</span> <span class='ocrx_word' id='word_1_203' title='bbox 1151 1485 1173 1517; x_wconf 86' lang='lat' dir='ltr'><strong>J</strong></span> <span class='ocrx_word' id='word_1_204' title='bbox 1176 1496 1345 1516; x_wconf 77' lang='lat' dir='ltr'><strong>OHANNEM</strong></span> <span class='ocrx_word' id='word_1_205' title='bbox 1366 1485 1396 1516; x_wconf 91' lang='grc'>16</span> <span class='ocrx_word' id='word_1_206' title='bbox 1416 1485 1579 1517; x_wconf 65' lang='lat' dir='ltr'>NORREYS</span> <span class='ocrx_word' id='word_1_207' title='bbox 1596 1496 1651 1517; x_wconf 88' lang='lat' dir='ltr'>seu</span> 
     </span>
     <span class='ocr_line' id='line_1_20' title="bbox 172 1554 1651 1596; baseline -0.001 -8"><span class='ocrx_word' id='word_1_208' title='bbox 172 1557 304 1588; x_wconf 83' lang='lat' dir='ltr'>heredes</span> <span class='ocrx_word' id='word_1_209' title='bbox 319 1568 391 1588; x_wconf 84' lang='lat' dir='ltr'>suos</span> <span class='ocrx_word' id='word_1_210' title='bbox 407 1567 479 1588; x_wconf 83' lang='lat' dir='ltr'>cum</span> <span class='ocrx_word' id='word_1_211' title='bbox 494 1559 625 1588; x_wconf 89' lang='lat' dir='ltr'>vocatus</span> <span class='ocrx_word' id='word_1_212' title='bbox 640 1555 739 1587; x_wconf 82' lang='lat' dir='ltr'>fuerit</span> <span class='ocrx_word' id='word_1_213' title='bbox 755 1556 796 1587; x_wconf 85' lang='lat' dir='ltr'>ad</span> <span class='ocrx_word' id='word_1_214' title='bbox 812 1557 993 1586; x_wconf 81' lang='lat' dir='ltr'>warantum</span> <span class='ocrx_word' id='word_1_215' title='bbox 1010 1554 1291 1586; x_wconf 82' lang='lat' dir='ltr'>warantizaverint</span> <span class='ocrx_word' id='word_1_216' title='bbox 1309 1557 1341 1586; x_wconf 85' lang='lat' dir='ltr'>et</span> <span class='ocrx_word' id='word_1_217' title='bbox 1357 1554 1517 1596; x_wconf 73' lang='lat' dir='ltr'>prefatam</span> <span class='ocrx_word' id='word_1_218' title='bbox 1534 1557 1651 1586; x_wconf 76' lang='lat' dir='ltr'>terram</span> 
     </span>
     <span class='ocr_line' id='line_1_21' title="bbox 173 1623 1649 1667; baseline -0.002 -10"><span class='ocrx_word' id='word_1_219' title='bbox 173 1637 230 1667; x_wconf 91' lang='lat' dir='ltr'>per</span> <span class='ocrx_word' id='word_1_220' title='bbox 245 1625 434 1657; x_wconf 83' lang='lat' dir='ltr'>warantiam</span> <span class='ocrx_word' id='word_1_221' title='bbox 450 1636 541 1657; x_wconf 86' lang='lat' dir='ltr'>suam</span> <span class='ocrx_word' id='word_1_222' title='bbox 556 1636 613 1667; x_wconf 89' lang='lat' dir='ltr'>per</span> <span class='ocrx_word' id='word_1_223' title='bbox 628 1635 809 1667; x_wconf 84' lang='lat' dir='ltr'>processum</span> <span class='ocrx_word' id='word_1_224' title='bbox 824 1624 934 1666; x_wconf 87' lang='lat' dir='ltr'>placiti</span> <span class='ocrx_word' id='word_1_225' title='bbox 951 1635 1007 1656; x_wconf 89' lang='lat' dir='ltr'>seu</span> <span class='ocrx_word' id='word_1_226' title='bbox 1027 1635 1084 1665; x_wconf 85' lang='lat' dir='ltr'>per</span> <span class='ocrx_word' id='word_1_227' title='bbox 1099 1623 1239 1665; x_wconf 79' lang='lat' dir='ltr'>patriam</span> <span class='ocrx_word' id='word_1_228' title='bbox 1255 1635 1310 1655; x_wconf 88' lang='lat' dir='ltr'>seu</span> <span class='ocrx_word' id='word_1_229' title='bbox 1327 1635 1391 1655; x_wconf 88' lang='lat' dir='ltr'>non</span> <span class='ocrx_word' id='word_1_230' title='bbox 1408 1623 1577 1655; x_wconf 77' lang='lat' dir='ltr'>defensum</span> <span class='ocrx_word' id='word_1_231' title='bbox 1594 1634 1649 1655; x_wconf 89' lang='lat' dir='ltr'>seu</span> 
     </span>
     <span class='ocr_line' id='line_1_22' title="bbox 172 1692 1648 1738; baseline -0.001 -12"><span class='ocrx_word' id='word_1_232' title='bbox 172 1707 228 1738; x_wconf 87' lang='lat' dir='ltr'>per</span> <span class='ocrx_word' id='word_1_233' title='bbox 244 1695 399 1726; x_wconf 66' lang='lat' dir='ltr'>defaltum</span> <span class='ocrx_word' id='word_1_234' title='bbox 414 1706 469 1726; x_wconf 90' lang='lat' dir='ltr'>seu</span> <span class='ocrx_word' id='word_1_235' title='bbox 485 1705 676 1736; x_wconf 85' lang='lat' dir='ltr'>quocunque</span> <span class='ocrx_word' id='word_1_236' title='bbox 692 1694 800 1736; x_wconf 78' lang='lat' dir='ltr'>aliquo</span> <span class='ocrx_word' id='word_1_237' title='bbox 817 1693 880 1726; x_wconf 87' lang='lat' dir='ltr'>alio</span> <span class='ocrx_word' id='word_1_238' title='bbox 896 1694 992 1725; x_wconf 89' lang='lat' dir='ltr'>modo</span> <span class='ocrx_word' id='word_1_239' title='bbox 1013 1704 1123 1725; x_wconf 85' lang='lat' dir='ltr'>versus</span> <span class='ocrx_word' id='word_1_240' title='bbox 1141 1696 1305 1735; x_wconf 89' lang='lat' dir='ltr'>petentem</span> <span class='ocrx_word' id='word_1_241' title='bbox 1326 1693 1469 1724; x_wconf 79' lang='lat' dir='ltr'>amiserit</span> <span class='ocrx_word' id='word_1_242' title='bbox 1492 1704 1547 1724; x_wconf 88' lang='lat' dir='ltr'>seu</span> <span class='ocrx_word' id='word_1_243' title='bbox 1570 1692 1648 1724; x_wconf 87' lang='lat' dir='ltr'>ami-</span> 
     </span>
     <span class='ocr_line' id='line_1_23' title="bbox 172 1761 1650 1804; baseline -0.003 -8"><span class='ocrx_word' id='word_1_244' title='bbox 172 1765 291 1803; x_wconf 86' lang='lat' dir='ltr'>se1·int;</span> <span class='ocrx_word' id='word_1_245' title='bbox 315 1764 402 1795; x_wconf 87' lang='lat' dir='ltr'>idem</span> <span class='ocrx_word' id='word_1_246' title='bbox 426 1763 447 1796; x_wconf 87' lang='lat' dir='ltr'>J</span> <span class='ocrx_word' id='word_1_247' title='bbox 450 1774 607 1795; x_wconf 81' lang='lat' dir='ltr'>OHANNES</span> <span class='ocrx_word' id='word_1_248' title='bbox 631 1763 682 1795; x_wconf 90' lang='lat' dir='ltr'>vel</span> <span class='ocrx_word' id='word_1_249' title='bbox 703 1763 835 1795; x_wconf 86' lang='lat' dir='ltr'>heredes</span> <span class='ocrx_word' id='word_1_250' title='bbox 851 1762 900 1794; x_wconf 89' lang='lat' dir='ltr'>sui</span> <span class='ocrx_word' id='word_1_251' title='bbox 916 1762 1017 1794; x_wconf 87' lang='lat' dir='ltr'>nichil</span> <span class='ocrx_word' id='word_1_252' title='bbox 1032 1761 1199 1794; x_wconf 82' lang='lat' dir='ltr'>habebunt</span> <span class='ocrx_word' id='word_1_253' title='bbox 1214 1773 1271 1804; x_wconf 86' lang='lat' dir='ltr'>per</span> <span class='ocrx_word' id='word_1_254' title='bbox 1286 1761 1445 1803; x_wconf 78' lang='lat' dir='ltr'>judicium</span> <span class='ocrx_word' id='word_1_255' title='bbox 1462 1761 1548 1793; x_wconf 89' lang='lat' dir='ltr'>illius</span> <span class='ocrx_word' id='word_1_256' title='bbox 1565 1761 1650 1793; x_wconf 87' lang='lat' dir='ltr'>curie</span> 
     </span>
     <span class='ocr_line' id='line_1_24' title="bbox 173 1830 1649 1875; baseline -0.002 -11"><span class='ocrx_word' id='word_1_257' title='bbox 173 1845 229 1865; x_wconf 90' lang='lat' dir='ltr'>seu</span> <span class='ocrx_word' id='word_1_258' title='bbox 249 1832 387 1875; x_wconf 86' lang='lat' dir='ltr'>alicujus</span> <span class='ocrx_word' id='word_1_259' title='bbox 410 1832 542 1864; x_wconf 86' lang='lat' dir='ltr'>alterius</span> <span class='ocrx_word' id='word_1_260' title='bbox 565 1844 622 1874; x_wconf 86' lang='lat' dir='ltr'>pro</span> <span class='ocrx_word' id='word_1_261' title='bbox 650 1832 794 1864; x_wconf 80' lang='lat' dir='ltr'>valencia</span> <span class='ocrx_word' id='word_1_262' title='bbox 815 1831 1031 1873; x_wconf 80' lang='lat' dir='ltr'>predictorum</span> <span class='ocrx_word' id='word_1_263' title='bbox 1054 1834 1313 1863; x_wconf 83' lang='lat' dir='ltr'>tenementorum</span> <span class='ocrx_word' id='word_1_264' title='bbox 1333 1831 1373 1862; x_wconf 89' lang='lat' dir='ltr'>de</span> <span class='ocrx_word' id='word_1_265' title='bbox 1394 1830 1518 1872; x_wconf 79' lang='lat' dir='ltr'>prefato</span> <span class='ocrx_word' id='word_1_266' title='bbox 1534 1830 1649 1862; x_wconf 81' lang='lat' dir='ltr'>abbate</span> 
     </span>
     <span class='ocr_line' id='line_1_25' title="bbox 172 1899 1649 1942; baseline -0.001 -9"><span class='ocrx_word' id='word_1_267' title='bbox 172 1913 227 1933; x_wconf 84' lang='lat' dir='ltr'>seu</span> <span class='ocrx_word' id='word_1_268' title='bbox 250 1901 478 1933; x_wconf 85' lang='lat' dir='ltr'>successoribus</span> <span class='ocrx_word' id='word_1_269' title='bbox 501 1901 566 1933; x_wconf 87' lang='lat' dir='ltr'>suis</span> <span class='ocrx_word' id='word_1_270' title='bbox 586 1901 652 1933; x_wconf 87' lang='lat' dir='ltr'>sive</span> <span class='ocrx_word' id='word_1_271' title='bbox 673 1901 713 1933; x_wconf 84' lang='lat' dir='ltr'>de</span> <span class='ocrx_word' id='word_1_272' title='bbox 736 1900 868 1932; x_wconf 80' lang='lat' dir='ltr'>ecclesia</span> <span class='ocrx_word' id='word_1_273' title='bbox 888 1911 945 1932; x_wconf 85' lang='lat' dir='ltr'>sua</span> <span class='ocrx_word' id='word_1_274' title='bbox 968 1901 1007 1932; x_wconf 89' lang='lat' dir='ltr'>de</span> <span class='ocrx_word' id='word_1_275' title='bbox 1030 1899 1184 1931; x_wconf 79' lang='lat' dir='ltr'>MARGAN</span> <span class='ocrx_word' id='word_1_276' title='bbox 1208 1900 1351 1942; x_wconf 80' lang='lat' dir='ltr'>predicta</span> <span class='ocrx_word' id='word_1_277' title='bbox 1376 1899 1438 1930; x_wconf 85' lang='lat' dir='ltr'>nisi</span> <span class='ocrx_word' id='word_1_278' title='bbox 1464 1910 1564 1930; x_wconf 88' lang='lat' dir='ltr'>unum</span> <span class='ocrx_word' id='word_1_279' title='bbox 1591 1910 1649 1940; x_wconf 81' lang='lat' dir='ltr'>par</span> 
     </span>
     <span class='ocr_line' id='line_1_26' title="bbox 173 1968 1648 2012; baseline -0.002 -10"><span class='ocrx_word' id='word_1_280' title='bbox 173 1971 345 2002; x_wconf 83' lang='lat' dir='ltr'>calcarium</span> <span class='ocrx_word' id='word_1_281' title='bbox 360 1971 586 2002; x_wconf 82' lang='lat' dir='ltr'>deauratorum</span> <span class='ocrx_word' id='word_1_282' title='bbox 602 1970 700 2012; x_wconf 87' lang='lat' dir='ltr'>precii</span> <span class='ocrx_word' id='word_1_283' title='bbox 715 1981 771 2001; x_wconf 84' lang='lat' dir='ltr'>sex</span> <span class='ocrx_word' id='word_1_284' title='bbox 793 1970 999 2002; x_wconf 83' lang='lat' dir='ltr'>denariorum</span> <span class='ocrx_word' id='word_1_285' title='bbox 1020 1969 1086 2000; x_wconf 86' lang='lat' dir='ltr'>sive</span> <span class='ocrx_word' id='word_1_286' title='bbox 1107 1981 1162 2001; x_wconf 79' lang='lat' dir='ltr'>sex</span> <span class='ocrx_word' id='word_1_287' title='bbox 1186 1969 1333 2000; x_wconf 73' lang='lat' dir='ltr'>denarios</span> <span class='ocrx_word' id='word_1_288' title='bbox 1356 1968 1485 1999; x_wconf 61' lang='lat' dir='ltr'>numine</span> <span class='ocrx_word' id='word_1_289' title='bbox 1507 1968 1648 2000; x_wconf 76' lang='lat' dir='ltr'>valencie</span> 
     </span>
     <span class='ocr_line' id='line_1_27' title="bbox 171 2037 1648 2082; baseline -0.002 -11"><span class='ocrx_word' id='word_1_290' title='bbox 171 2039 295 2082; x_wconf 80' lang='lat' dir='ltr'>prefate</span> <span class='ocrx_word' id='word_1_291' title='bbox 310 2043 394 2071; x_wconf 78' lang='lat' dir='ltr'>terre</span> <span class='ocrx_word' id='word_1_292' title='bbox 410 2040 453 2071; x_wconf 87' lang='lat' dir='ltr'>sic</span> <span class='ocrx_word' id='word_1_293' title='bbox 469 2039 592 2071; x_wconf 81' lang='lat' dir='ltr'>amisse.</span> <span class='ocrx_word' id='word_1_294' title='bbox 640 2039 686 2070; x_wconf 88' lang='lat' dir='ltr'>Et</span> <span class='ocrx_word' id='word_1_295' title='bbox 702 2050 762 2081; x_wconf 84' lang='lat' dir='ltr'>cgo</span> <span class='ocrx_word' id='word_1_296' title='bbox 778 2038 799 2070; x_wconf 86' lang='lat' dir='ltr'>J</span> <span class='ocrx_word' id='word_1_297' title='bbox 803 2049 961 2070; x_wconf 73' lang='lat' dir='ltr'>OHANNES</span> <span class='ocrx_word' id='word_1_298' title='bbox 977 2038 1006 2069; x_wconf 89' lang='grc'>16</span> <span class='ocrx_word' id='word_1_299' title='bbox 1026 2037 1188 2069; x_wconf 72' lang='lat' dir='ltr'>NORREYS</span> <span class='ocrx_word' id='word_1_300' title='bbox 1204 2037 1296 2069; x_wconf 87' lang='lat' dir='ltr'>miles</span> <span class='ocrx_word' id='word_1_301' title='bbox 1312 2037 1371 2069; x_wconf 85' lang='lat' dir='ltr'>hoc</span> <span class='ocrx_word' id='word_1_302' title='bbox 1391 2037 1527 2068; x_wconf 72' lang='lat' dir='ltr'>eom-edo</span> <span class='ocrx_word' id='word_1_303' title='bbox 1544 2038 1573 2068; x_wconf 84' lang='lat' dir='ltr'>et</span> <span class='ocrx_word' id='word_1_304' title='bbox 1591 2048 1648 2078; x_wconf 84' lang='lat' dir='ltr'>pro</span> 
     </span>
     <span class='ocr_line' id='line_1_28' title="bbox 172 2105 1648 2149; baseline -0.003 -9"><span class='ocrx_word' id='word_1_305' title='bbox 172 2120 224 2140; x_wconf 89' lang='lat' dir='ltr'>me</span> <span class='ocrx_word' id='word_1_306' title='bbox 236 2114 267 2140; x_wconf 82' lang='lat' dir='ltr'>et</span> <span class='ocrx_word' id='word_1_307' title='bbox 278 2108 449 2140; x_wconf 84' lang='lat' dir='ltr'>heredibus</span> <span class='ocrx_word' id='word_1_308' title='bbox 459 2108 538 2140; x_wconf 87' lang='lat' dir='ltr'>meis</span> <span class='ocrx_word' id='word_1_309' title='bbox 553 2108 705 2140; x_wconf 82' lang='lat' dir='ltr'>confirmo</span> <span class='ocrx_word' id='word_1_310' title='bbox 718 2111 749 2140; x_wconf 90' lang='lat' dir='ltr'>et</span> <span class='ocrx_word' id='word_1_311' title='bbox 761 2107 884 2139; x_wconf 86' lang='lat' dir='ltr'>ratifioo</span> <span class='ocrx_word' id='word_1_312' title='bbox 894 2107 1141 2149; x_wconf 83' lang='lat' dir='ltr'>imperpetuum.</span> <span class='ocrx_word' id='word_1_313' title='bbox 1182 2106 1228 2137; x_wconf 90' lang='lat' dir='ltr'>Et</span> <span class='ocrx_word' id='word_1_314' title='bbox 1240 2109 1383 2148; x_wconf 75' lang='lat' dir='ltr'>preterea</span> <span class='ocrx_word' id='word_1_315' title='bbox 1394 2117 1453 2147; x_wconf 77' lang='lat' dir='ltr'>ego</span> <span class='ocrx_word' id='word_1_316' title='bbox 1466 2105 1487 2137; x_wconf 85' lang='lat' dir='ltr'><strong>J</strong></span> <span class='ocrx_word' id='word_1_317' title='bbox 1490 2116 1648 2136; x_wconf 75' lang='lat' dir='ltr'>OHANNES</span> 
     </span>
     <span class='ocr_line' id='line_1_29' title="bbox 172 2174 1648 2218; baseline -0.002 -10"><span class='ocrx_word' id='word_1_318' title='bbox 172 2177 202 2208; x_wconf 85' lang='lat' dir='ltr'>le</span> <span class='ocrx_word' id='word_1_319' title='bbox 224 2177 386 2208; x_wconf 72' lang='lat' dir='ltr'>NORREYs</span> <span class='ocrx_word' id='word_1_320' title='bbox 406 2177 478 2209; x_wconf 85' lang='lat' dir='ltr'>volo</span> <span class='ocrx_word' id='word_1_321' title='bbox 499 2180 531 2209; x_wconf 86' lang='lat' dir='ltr'>et</span> <span class='ocrx_word' id='word_1_322' title='bbox 555 2177 691 2209; x_wconf 88' lang='lat' dir='ltr'>concedo</span> <span class='ocrx_word' id='word_1_323' title='bbox 716 2187 773 2218; x_wconf 86' lang='lat' dir='ltr'>pro</span> <span class='ocrx_word' id='word_1_324' title='bbox 795 2187 846 2208; x_wconf 89' lang='lat' dir='ltr'>me</span> <span class='ocrx_word' id='word_1_325' title='bbox 869 2178 900 2208; x_wconf 87' lang='lat' dir='ltr'>et</span> <span class='ocrx_word' id='word_1_326' title='bbox 919 2174 1090 2207; x_wconf 86' lang='lat' dir='ltr'>heredibus</span> <span class='ocrx_word' id='word_1_327' title='bbox 1112 2175 1193 2206; x_wconf 86' lang='lat' dir='ltr'>meis</span> <span class='ocrx_word' id='word_1_328' title='bbox 1214 2175 1300 2216; x_wconf 83' lang='lat' dir='ltr'>quod</span> <span class='ocrx_word' id='word_1_329' title='bbox 1323 2175 1349 2205; x_wconf 88' lang='lat' dir='ltr'>si</span> <span class='ocrx_word' id='word_1_330' title='bbox 1376 2174 1484 2216; x_wconf 75' lang='lat' dir='ltr'>aliquo</span> <span class='ocrx_word' id='word_1_331' title='bbox 1505 2178 1648 2215; x_wconf 81' lang='lat' dir='ltr'>tempore</span> 
     </span>
    </p>
   </div>
   <div class='ocr_carea' id='block_1_3' title="bbox 171 2242 1649 2288">
    <p class='ocr_par' dir='ltr' id='par_1_3' title="bbox 171 2242 1649 2288">
     <span class='ocr_line' id='line_1_30' title="bbox 171 2242 1649 2288; baseline -0.004 -10"><span class='ocrx_word' id='word_1_332' title='bbox 171 2257 394 2288; x_wconf 82' lang='lat' dir='ltr'>presumamus</span> <span class='ocrx_word' id='word_1_333' title='bbox 409 2246 482 2288; x_wconf 87' lang='lat' dir='ltr'>plus</span> <span class='ocrx_word' id='word_1_334' title='bbox 501 2256 559 2288; x_wconf 89' lang='lat' dir='ltr'>pro</span> <span class='ocrx_word' id='word_1_335' title='bbox 575 2245 719 2277; x_wconf 81' lang='lat' dir='ltr'>valencia</span> <span class='ocrx_word' id='word_1_336' title='bbox 739 2244 881 2286; x_wconf 81' lang='lat' dir='ltr'>predicte</span> <span class='ocrx_word' id='word_1_337' title='bbox 902 2247 986 2276; x_wconf 83' lang='lat' dir='ltr'>terre</span> <span class='ocrx_word' id='word_1_338' title='bbox 1007 2245 1046 2275; x_wconf 88' lang='grc'>(16</span> <span class='ocrx_word' id='word_1_339' title='bbox 1068 2243 1329 2275; x_wconf 61' lang='lat' dir='ltr'>BONEvihsss&#39;rox</span> <span class='ocrx_word' id='word_1_340' title='bbox 1348 2254 1454 2274; x_wconf 69' lang='lat' dir='ltr'>versus</span> <span class='ocrx_word' id='word_1_341' title='bbox 1470 2242 1649 2284; x_wconf 78' lang='lat' dir='ltr'>predictum</span> 
     </span>
    </p>
   </div>
  </div>
 </body>
</html>
