1998 2724
1494 178 1557 209 455

740 335 987 369 OCOOLXIII.

147 418 374 453 GHARTER
413 418 472 451 OF
510 417 808 451 PROTECTION
847 418 912 450 BY
950 417 1124 450 HENRY
1162 416 1230 449 III.
1274 416 1333 449 TO
1371 415 1582 448 MARGAM

776 487 948 521 ABBEY.

588 569 719 612 [HARL.
745 569 921 607 Onuwnn,
946 570 986 601 75
1010 569 1052 602 A.
1080 568 1148 611 10.]
1465 567 1558 598 1228.

172 653 354 686 Hmuucus
378 651 442 684 Dei
469 651 575 694 gratia
602 651 674 684 Rex
701 651 840 683 Ammn
872 651 1033 684 Dominus
1064 650 1246 683 HIBERNIE
1278 649 1356 681 Dux
1387 648 1603 681 NORMANNOE

127 723 326 757 Aoummn
357 724 389 753 et
419 732 522 753 comes
548 720 760 752 ANDEGAVIE
791 720 938 752 omnibus
969 720 1096 752 ballivis
1127 722 1159 752 et
1189 718 1337 751 fidelibus
1363 718 1428 750 suis
1455 718 1600 750 salutem.

127 791 242 824 Sciatis
265 801 323 823 nos
345 790 517 832 suscepisse
547 789 582 821 in
606 789 836 832 protectionem
860 792 892 821 et
915 789 1136 821 defensionem
1167 790 1311 820 nostram
1333 787 1480 819 homines
1502 790 1602 818 terras

127 860 273 894 redditus
287 859 497 902 possessiones
513 861 545 890 et
561 870 670 890 omnes
685 869 735 890 res
751 858 875 890 abbatis
891 862 920 889 et
939 858 1168 890 monachorum
1184 858 1224 889 de
1248 856 1401 888 MARGAN
1417 856 1451 888 in
1475 855 1557 887 mari
1572 858 1604 887 et

127 931 221 962 terra.
269 928 315 961 Et
337 928 409 960 ideo
432 927 522 959 vobis
543 927 736 959 mandamus
767 928 851 969 quod
879 926 1024 958 homines
1049 928 1150 958 ‘terras
1173 925 1319 957 redditus
1341 924 1550 967 possessiones
1573 925 1605 955 et

129 1009 239 1031 omnes
254 1009 303 1030 res
318 997 534 1040 predictorum
551 996 675 1029 abbatis
690 998 721 1028 et
739 996 967 1027 monachorum
991 996 1025 1027 in
1048 995 1130 1027 mari
1153 997 1185 1027 et
1207 995 1241 1026 in
1263 996 1348 1026 terra
1370 993 1607 1025 manuteneatis

130 1067 307 1110 protegatis
322 1068 354 1098 et
370 1065 552 1098 defendatis
567 1065 692 1097 nullam
707 1064 752 1096 eis
771 1064 946 1096 inferentes
970 1063 1020 1095 vel
1043 1063 1156 1095 inferri
1179 1062 1403 1105 permittentes
1425 1061 1606 1093 molestiam

129 1136 286 1178 injuriam
309 1136 487 1176 dampnum
510 1136 567 1166 aut
589 1133 810 1177 g[ravamen],
828 1136 859 1165 et
882 1133 907 1164 si
931 1132 1010 1175 quid
1033 1132 1078 1164 eis
1100 1131 1300 1164 forisfactum
1316 1131 1416 1163 fuerit
1430 1130 1464 1162 id
1480 1130 1525 1161 eis
1541 1130 1608 1161 sine

129 1204 287 1236 dilacione
302 1203 426 1235 satiatis
441 1202 613 1235 emendari.
660 1202 703 1235 In
719 1202 811 1245 eujus
827 1202 872 1234 rei
889 1201 1109 1233 testimonium
1121 1200 1179 1232 has
1190 1200 1314 1232 litteras
1327 1201 1451 1231 nostras
1463 1200 1609 1241 patentes

130 1274 175 1306 eis
197 1273 266 1305 fieri
290 1273 432 1305 fecimus.
479 1271 574 1304 Teste
590 1283 641 1303 me
656 1272 724 1314 ipso
748 1272 835 1313 apud
859 1270 1074 1303 MEREWELL'
1096 1280 1218 1301 xxvm.
1237 1269 1289 1300 die
1310 1268 1392 1301 Maii
1416 1279 1500 1300 anno
1516 1267 1609 1309 regni

130 1341 231 1374 nostri
248 1341 445 1373 duodecimo.

749 1742 988 1776 OOOGLXIV.

130 1827 447 1861 AFFILIATION
471 1827 530 1860 OF
553 1826 652 1859 THE
675 1825 839 1858 ABBEY
863 1825 922 1857 OF
949 1823 1084 1857 HOLY
1116 1822 1254 1856 OROSS
1290 1822 1345 1855 IN
1375 1821 1605 1861 IRELAND,

241 1895 299 1928 ΤΟ
323 1895 533 1928 MARGAM
548 1895 721 1935 ABBEY,
740 1894 805 1927 BY
821 1891 1167 1926 APPOINTMENT
1185 1891 1244 1924 OF
1259 1891 1359 1924 THE
1377 1891 1607 1924 GENERAL

242 1964 466 1998 GHAPTER
496 1964 556 1997 OF
586 1963 811 1997 GITEAUX.

615 2045 746 2089 [HARL.
765 2044 942 2083 (luntres,
960 2045 1000 2075 75
1017 2042 1060 2075 Α.
1079 2042 1126 2085 5.]
1470 2042 1562 2073 1228.

174 2127 422 2162 Venerabih‘bus
445 2129 477 2159 et
498 2127 533 2159 in
549 2127 699 2159 CHRISTO
714 2126 837 2158 dilectis
861 2125 969 2158 abbati
992 2127 1024 2156 et
1045 2123 1215 2156 conventui
1231 2123 1270 2155 de
1285 2123 1441 2155 MARGAN
1456 2122 1556 2154 frater
1572 2122 1611 2156 G.

133 2197 237 2230 dietus
274 2195 372 2229 abbas
402 2195 653 2229 CISTERCIENSIS
691 2197 840 2237 totusque
878 2195 1053 2226 conventus
1091 2191 1257 2225 abbatiam
1295 2191 1427 2234 capituli
1457 2191 1615 2234 generalis

133 2268 275 2298 eternam
290 2265 325 2297 in
341 2264 490 2297 Offlus'ro
506 2265 651 2297 salutem.
