1998 2724
342 144 407 177 564

915 301 1161 334 DXXXVIII.

295 382 459 416 GRANT
486 383 553 416 BY
576 384 730 423 OWEN,
755 384 843 416 SON
873 384 932 416 OF
958 383 1241 424 ALAYTHUR,
1267 384 1326 417 OF
1349 384 1650 425 STONE-OOAL,
1673 385 1775 418 AND

491 453 660 486 WORKS
693 453 757 485 ΟΝ
789 452 870 485 HIS
902 452 1035 485 LAND
1072 453 1129 486 TO
1161 453 1371 487 MARGAM
1402 454 1575 487 ABBEY.

757 534 889 578 [HARL.
920 535 1097 575 CHARTER‚
1124 537 1165 567 75
1192 535 1232 568 B.
1262 536 1310 579 4.]
1503 537 1607 569 Officia
1636 539 1730 570 1249.

333 617 445 649 Sciant
461 619 624 659 presenies
641 620 671 648 et
688 616 792 648 futuri
809 617 895 659 quod
908 628 968 660 ego
985 616 1136 649 OWENUS
1152 617 1273 650 ans
1289 619 1486 651 ALAYTHUR
1503 620 1634 652 consilio
1651 624 1683 652 et
1699 632 1772 654 con-

286 697 381 718 sensu
396 685 552 718 heredum
564 697 708 717 meorum
722 697 846 717 necnon
863 689 895 718 et
908 686 1046 718 aliorum
1062 687 1237 719 amicorum
1249 699 1395 720 meorum
1407 688 1482 720 dedi
1498 692 1529 721 et
1546 690 1684 722 concessi
1699 690 1771 723 Deo

285 758 318 787 et
341 755 469 787 ecclesie
492 755 584 787 beate
608 755 730 787 MAmE
755 756 794 787 de
811 755 967 787 MARGAN
984 758 1016 787 et
1032 756 1196 788 monachis
1212 756 1333 789 ibidem
1348 757 1420 790 Deo
1437 757 1650 790 servientibus
1665 761 1771 791 totum

284 824 454 856 carbonem
481 824 647 866 lapideum
672 825 771 856 totius
798 827 882 857 terre
906 836 976 857 mee
1000 828 1031 857 et
1056 825 1224 858 hominum
1250 838 1393 859 meorum
1419 827 1603 870 ubicunque
1618 829 1771 861 inventus

284 893 382 925 fuerit
408 905 482 925 cum
509 893 609 926 libero
635 894 783 937 ingressu
809 898 839 926 et
866 905 995 937 egressu
1023 898 1091 926 tam
1118 907 1191 927 cum
1216 895 1301 938 bigis
1328 898 1359 928 et
1386 897 1553 939 quadrigis
1577 908 1674 939 quam
1698 898 1769 931 aliis

282 963 421 995 vecturis
441 966 537 1005 prout
559 964 679 995 eisdem
697 964 895 996 commodius
911 964 1016 996 visum
1033 964 1141 996 fuerit.
1190 964 1382 998 Tenendum
1399 969 1431 998 et
1452 966 1639 999 habendum
1655 968 1695 999 de
1718 979 1769 1000 me

281 1035 314 1064 et
339 1032 510 1065 heredibus
537 1034 617 1064 meis
644 1033 743 1065 libere
771 1036 803 1065 et
828 1033 935 1075 quiete
967 1033 1049 1065 bene
1075 1036 1108 1066 et
1134 1034 1265 1076 pacifice
1290 1035 1358 1067 sine
1385 1036 1474 1067 omui
1505 1036 1690 1078 calumpnia
1716 1037 1767 1069 vel

279 1103 447 1134 exaccione
473 1114 530 1134 seu
546 1103 715 1134 demanda.
764 1103 828 1135 Pro
854 1103 912 1135 hac
929 1108 1037 1135 autem
1063 1104 1240 1136 donacione
1257 1116 1328 1136 mea
1349 1105 1508 1148 dederunt
1528 1105 1609 1137 mihi
1631 1107 1766 1148 predicti

274 1171 424 1203 monachi
441 1183 496 1213 pre
513 1172 663 1204 manibus
678 1172 850 1205 dimidiam
867 1183 1016 1205 marcam.
1067 1173 1246 1205 Reddendo
1259 1174 1429 1206 annuatim
1447 1174 1526 1206 mihi
1544 1177 1574 1207 et
1591 1174 1762 1207 heredibus

277 1241 356 1272 meis
385 1241 418 1272 iu
447 1241 561 1283 vigilia
588 1241 718 1273 Natalis
746 1242 883 1274 Domini
911 1242 1084 1274 dimidiiun
1110 1253 1279 1274 cranocum
1304 1243 1462 1275 frumenti
1493 1244 1650 1286 quamdiu
1680 1245 1766 1277 dioto

277 1309 413 1341 carbone
438 1310 589 1352 predictis
605 1311 770 1342 monachis
795 1311 843 1343 uti
859 1312 1026 1353 placuerit.
1075 1312 1239 1354 Quicquid
1256 1324 1330 1343 vero
1357 1313 1491 1355 dampni
1507 1313 1697 1345 incurrerim
1714 1314 1764 1346 vel

276 1379 473 1421 perdiderim
495 1380 535 1411 de
556 1382 642 1412 terra
666 1379 781 1412 arabili
804 1392 861 1422 per
885 1381 1059 1413 fossionem
1083 1381 1161 1413 dicti
1183 1381 1329 1413 carbonis
1352 1382 1488 1424 predicti
1511 1382 1661 1414 monachi
1683 1383 1765 1415 mihi

276 1448 448 1480 restituent
473 1460 529 1491 per
552 1449 655 1481 visum
680 1449 837 1482 bonorum
863 1454 895 1482 et
918 1450 1074 1493 legalium
1094 1450 1245 1482 virorum.
1294 1450 1393 1482 Hanc
1420 1453 1530 1483 autem
1553 1452 1765 1484 donacionem

275 1529 381 1550 meam
404 1529 464 1560 ego
481 1522 513 1550 et
541 1519 673 1551 heredes
691 1520 755 1551 mei
780 1523 890 1551 contra
913 1531 1023 1551 omnes
1042 1519 1194 1552 mortales
1214 1519 1494 1552 warentizabimus
1525 1521 1762 1563 inperpetuum.

276 1586 317 1618 In
345 1587 439 1629 cujus
455 1587 501 1619 rei
519 1588 741 1620 testimonium
757 1588 832 1620 huic
848 1589 989 1631 presenti
1005 1589 1122 1631 scripto
1138 1589 1289 1621 dominus
1304 1600 1395 1621 meus
1414 1588 1595 1622 Lex-smus
1611 1601 1677 1622 una
1692 1601 1766 1623 cum

275 1656 383 1699 sigillo
413 1667 484 1688 mco
512 1657 657 1700 sigillum
683 1669 778 1690 suum
805 1658 963 1700 apposuit.
1020 1658 1099 1690 Hiis
1123 1657 1270 1698 testibus,
1294 1657 1454 1690 LEYSANO
1477 1658 1544 1691 filio
1568 1658 1737 1691 MORGAM
1756 1685 1761 1691 .

275 1725 449 1757 MORGANO
466 1729 498 1757 et
515 1726 669 1758 ORAnoco
686 1727 841 1759 fratribus
857 1727 1004 1770 ejusdem
1029 1753 1034 1759 .
1061 1727 1162 1759 ENEA
1179 1729 1211 1759 et
1227 1727 1405 1760 ΜΑυκῐοῐο
1422 1727 1542 1760 clericis
1558 1728 1598 1760 de
1614 1727 1740 1761 AvENE
1755 1754 1762 1760 .

251 1794 253 1797 ’
276 1794 367 1826 Ruso
393 1798 424 1827 et
442 1794 597 1827 CRADoco
619 1796 694 1828 filiis
709 1796 906 1828 ALAYTHUR
925 1823 929 1828 .
949 1797 971 1829 J
973 1808 1133 1828 ORVERTH
1150 1796 1190 1828 ab
1212 1796 1327 1829 Esrim
1345 1822 1350 1828 .
1369 1796 1457 1828 IvOR
1484 1796 1568 1829 Hm
1585 1823 1591 1829 .
1609 1796 1763 1830 Lumina

273 1863 314 1895 ab
337 1863 456 1895 DAvm
473 1866 506 1895 et
521 1864 633 1896 multis
649 1865 729 1897 aliis.

319 1931 397 1964 Two
414 1932 504 1972 seals,
521 1944 620 1975 green
638 1945 718 1966 wax.

320 2002 347 2032 1.
372 2000 513 2033 Pointed
530 2002 612 2041 oval‚
630 2014 648 2033 a
664 2003 866 2037 fleur-dc-lis.

752 2076 1281 2105 ‘....12ESS....13M0RG...

317 2140 346 2170 2.
374 2139 505 2179 Round,
523 2153 541 2171 a
558 2140 758 2174 [leur-de-lis.

746 2215 753 2228 ‘
770 2218 802 2248 -f-
825 2212 850 2243 s’
868 2237 876 2245 .
894 2223 1009 2244 ome
1028 2237 1034 2244 .
1052 2211 1083 2244 r’
1102 2237 1108 2243 .
1128 2209 1298 2243 maximo)

317 2276 542 2311 Endorsed—‘
554 2278 651 2312 Carta
667 2280 781 2313 Oweni
798 2281 856 2313 filii
873 2281 1041 2323 Alaythur
1056 2281 1096 2314 de
1113 2279 1259 2313 Carbone
1274 2278 1402 2321 lapideo
1417 2280 1500 2311 terre
1516 2279 1595 2312 sue.’
