1998 2724
327 142 390 172 488

929 325 1110 358 OOCGXO.

285 405 570 441 QUIT-CLAIM
594 407 660 439 BY
683 407 771 440 RES
803 407 898 440 OOH
929 407 1029 440 THE
1060 408 1305 450 YOUNGER,
1337 409 1397 442 OF
1429 410 1510 443 HIS
1541 411 1675 444 LAND
1700 412 1762 445 AT

563 477 933 516 EGLESKEYNIffl,
965 477 1023 510 ΤΟ
1054 478 1265 511 MARGAM
1295 479 1468 513 ABBEY.

725 559 856 602 [HARL.
883 560 1061 600 ommim,
1085 562 1126 592 75
1151 561 1190 593 B.
1216 561 1286 605 40]
1334 562 1410 594 ALL
1426 562 1482 594 SS.
1501 564 1591 596 Dm.
1645 565 1735 597 1234.

325 641 495 674 Universis
510 641 653 674 Onmsn
670 642 819 674 fidelibus
834 654 964 685 presens
979 643 1134 685 scriptum
1155 643 1270 676 visuris
1294 645 1344 676 vel
1367 645 1526 678 audituris
1549 645 1660 678 REsus
1685 646 1759 680 Con

278 712 389 754 junior
405 712 541 744 salutem
556 712 590 743 in
607 712 759 744 Domino.
864 697 869 703 ι

323 781 460 813 Noverit
487 781 677 813 universitas
702 783 807 814 vestra
833 782 918 824 quod
940 793 1000 824 ego
1024 782 1155 814 consilio
1178 785 1210 814 et
1231 794 1386 815 consensu
1409 784 1584 816 amicorum
1611 796 1757 817 meorum

276 849 404 891 quitum
430 849 565 881 clamavi
594 852 626 881 et
643 849 791 892 abjuravi
808 853 839 882 et
855 850 914 882 hac
931 853 1018 883 carta
1040 862 1112 883 mea
1135 852 1321 884 confirmavi
1344 864 1402 895 pro
1425 854 1528 885 salute
1552 854 1659 886 anime
1686 866 1756 887 mee

278 921 308 951 et
325 921 560 951 antecessorum
577 922 609 950 et
626 930 840 951 successorum
857 930 1001 952 meorum
1018 919 1088 952 Deo
1104 923 1137 952 et
1153 921 1282 953 ecclesie
1298 921 1389 954 beate
1406 922 1528 954 MAROE
1544 923 1583 954 de
1607 923 1764 956 MARGAN

275 991 307 1020 et
319 987 484 1019 monachis
500 987 545 1019 ibi
561 987 631 1020 Deo
645 988 857 1020 servientibus
872 991 978 1021 totum
993 989 1145 1022 clamium
1162 1001 1270 1022 meum
1286 993 1318 1022 et
1328 993 1434 1022 totum
1443 991 1497 1034 jus
1507 993 1594 1034 quod
1609 992 1756 1025 dicebam

273 1068 324 1089 me
341 1056 457 1089 habere
474 1057 507 1089 in
526 1061 610 1089 terra
627 1058 666 1088 de
693 1057 953 1089 EGLESKEYNUR
981 1059 1142 1091 occasione
1165 1059 1331 1091 forestarie
1348 1060 1497 1092 videlicet
1512 1064 1577 1093 tres
1593 1061 1704 1093 domos
1719 1063 1754 1094 in

273 1130 405 1168 pastura
426 1127 465 1159 de
487 1126 747 1159 EGLESKEYNUR
763 1128 802 1159 ad
828 1128 1023 1169 pascendum
1047 1127 1103 1160 ubi
1126 1129 1242 1160 vellem
1265 1129 1350 1161 inter
1366 1141 1483 1171 aquam
1500 1130 1539 1162 de
1567 1129 1697 1162 GARWE
1722 1134 1755 1163 et

271 1208 390 1239 aquam
406 1197 445 1229 de
462 1196 640 1229 UGGEMOR
663 1199 754 1229 extra
778 1200 907 1239 pratum
929 1199 961 1229 et
985 1197 1128 1230 bladum.
1173 1197 1247 1230 Hoc
1260 1200 1365 1230 totum
1388 1199 1517 1241 quitum
1539 1200 1675 1232 clamavi
1696 1212 1754 1243 pro

271 1267 420 1298 omnibus
442 1266 614 1299 heredibus
633 1267 713 1298 meis
734 1269 767 1298 et
792 1267 942 1299 omnibus
968 1267 1047 1299 meis
1074 1270 1111 1300 ut
1139 1267 1280 1300 habeant
1307 1271 1338 1300 et
1360 1271 1493 1300 teneant
1509 1269 1587 1301 dicti
1603 1270 1753 1302 monachi

267 1336 387 1368 dictam
413 1339 532 1368 terram
555 1347 647 1368 suam
677 1336 797 1368 scilicet
824 1337 977 1379 quicquid
1007 1337 1189 1368 continetur
1219 1337 1304 1369 inter
1334 1338 1494 1380 predictas
1524 1350 1623 1381 aquas
1653 1339 1752 1371 libere

267 1408 299 1438 et
326 1406 433 1448 quiete
458 1408 490 1438 et
514 1406 644 1448 pacifice
663 1417 720 1447 pro
736 1417 788 1438 me
819 1408 851 1437 et
876 1405 1025 1438 omnibus
1052 1406 1131 1437 meis
1158 1406 1240 1438 sicut
1267 1407 1334 1438 ulla
1361 1407 1535 1440 elemosina
1559 1407 1692 1440 liberius
1718 1410 1751 1440 et

269 1476 410 1517 quietius
425 1475 537 1507 haberi
552 1478 657 1517 potest
674 1475 725 1507 vel
746 1475 850 1506 teneri
865 1475 900 1506 in
916 1474 1064 1507 omnibus
1083 1478 1115 1506 et
1139 1487 1196 1517 per
1217 1476 1326 1507 omnia
1347 1476 1428 1507 sicut
1448 1479 1533 1508 carte
1558 1478 1751 1509 donatorum

267 1557 346 1587 quas
362 1545 438 1577 inde
453 1545 576 1577 habeut
592 1547 761 1576 testantur.
810 1544 855 1576 Et
871 1556 932 1587 ego
948 1548 980 1576 et
995 1544 1127 1576 heredes
1145 1545 1209 1576 mei
1227 1545 1510 1578 warantizabimus
1525 1546 1609 1578 hanc
1626 1546 1752 1588 quitam

267 1614 492 1646 clamationem
531 1616 641 1646 contra
679 1625 790 1646 omnes
827 1613 973 1645 homines
1004 1616 1036 1645 et
1066 1625 1176 1645 omnes
1207 1613 1345 1646 feminas
1375 1615 1409 1646 111
1440 1618 1643 1657 perpetuum.
1705 1615 1751 1647 Et

267 1684 431 1715 sciendum
448 1684 534 1725 quod
550 1683 608 1715 hoc
626 1686 730 1715 totum
746 1683 869 1714 sactum
886 1684 933 1714 est
949 1694 1055 1714 coram
1072 1683 1202 1714 domino
1221 1683 1317 1715 Emi
1340 1683 1576 1715 LANDAVENSE
1601 1684 1748 1726 episcopo

265 1754 352 1796 apud
368 1752 525 1784 MARGAN
551 1753 631 1785 circa
654 1752 775 1784 festum
794 1739 940 1784 omnium
963 1754 1146 1784 sanctorum
1172 1752 1249 1784 anni
1275 1752 1411 1784 Domini
1436 1753 1600 1785 millesimi
1626 1754 1745 1785 ducen-

264 1823 370 1855 tesimi
387 1822 539 1855 tricesimi
555 1823 671 1864 quarti.
739 1822 784 1853 Et
802 1824 945 1863 preterea
961 1821 1127 1853 sciendum
1143 1822 1231 1863 quod
1248 1822 1377 1853 affidavi
1394 1826 1426 1854 et
1439 1834 1534 1864 super
1547 1824 1747 1854 sacrosancta

268 1893 395 1925 ecclesie
423 1893 462 1924 (16
487 1892 642 1923 MARGAN
670 1891 778 1934 juravi
810 1892 895 1933 quod
923 1891 1031 1923 omnia
1056 1891 1118 1922 ista
1144 1891 1283 1922 fideliter
1307 1893 1339 1923 et
1366 1891 1434 1923 sine
1459 1891 1533 1923 (1010
1559 1891 1689 1923 servabo
1716 1891 1751 1923 in

268 1964 469 2004 perpetuum.
502 1961 548 1993 Et
559 1962 646 2003 quod
661 1960 764 1992 fidelis
777 1972 829 1992 ero
843 1960 926 1992 dicte
940 1959 1051 1992 domui
1064 1971 1188 2002 semper
1203 1962 1235 1991 et
1251 1959 1371 2001 ubique
1383 1963 1413 1991 et
1429 1961 1515 2002 quod
1527 1960 1612 1992 bona
1622 1960 1752 1992 illorum

267 2031 443 2063 custodiam
462 2033 493 2063 ct
515 2031 687 2062 defendam
711 2042 768 2072 pro
792 2030 879 2061 omni
904 2041 994 2072 posse
1018 2039 1089 2060 mco
1111 2028 1295 2071 ubicunque
1317 2033 1347 2061 et
1373 2029 1522 2071 precipue
1545 2029 1580 2061 in
1601 2033 1685 2061 terra
1711 2031 1751 2061 de

266 2100 526 2132 EGLESKEYNUR
542 2102 574 2131 et
590 2099 675 2141 quod
690 2110 752 2130 non
770 2099 874 2130 sinam
886 2110 944 2140 pro
957 2098 1043 2129 0111111
1061 2109 1151 2140 posse
1164 2109 1235 2129 111-10
1248 2098 1335 2139 quod
1348 2097 1465 2139 uliquis
1477 2110 1548 2130 cum
1559 2099 1674 2130 averiis
1683 2099 1749 2131 suis

266 2169 365 2201 intret
381 2169 415 2201 in
432 2172 550 2200 terram
568 2169 606 2200 de
624 2167 860 2199 Eomzsnnxru
877 2168 918 2199 ad
938 2167 1142 2210 pascendum.
1189 2167 1235 2199 Et
1250 2168 1287 2199 ut
1303 2166 1361 2198 hec
1378 2167 1534 2199 concessio
1547 2179 1618 2199 mea
1633 2170 1704 2199 rata
1720 2170 1751 2199 et

267 2239 453 2270 inconcussa
470 2239 657 2279 permaneat
673 2237 836 2279 predictus
853 2236 1017 2279 episcopus
1034 2240 1066 2268 et
1083 2236 1277 2268 Monsmus
1301 2235 1377 2268 CAM
1403 2235 1478 2267 huic
1500 2236 1618 2278 scripto
1642 2236 1750 2278 sigilla

1560 2290 1572 2305 ς
