1998 2724
1560 148 1623 179 269

184 309 356 342 YoRUARD
372 308 413 341 ab
429 308 539 340 Espcs
557 335 562 340 .
582 309 674 341 REso
696 308 789 340 Cimo
806 334 812 339 .
836 307 925 340 Raso
948 307 1060 339 clerico
1082 308 1122 339 de
1145 306 1333 339 LANGUNIT
1351 332 1357 338 .
1376 306 1531 338 Rmmno
1555 306 1667 338 clerico

184 379 224 411 de
240 378 388 411 KENEFE
407 405 412 410 .
431 378 627 411 WILLELMO
643 378 894 409 FRANCKELEIN
913 404 918 409 .
938 377 1133 410 Wanmmo
1151 376 1241 408 Gom
1259 402 1264 408 .
1283 378 1315 408 et
1331 375 1444 408 multis
1460 375 1542 406 aliis.

229 448 307 481 Two
324 448 414 488 seals,
430 448 465 480 in
481 448 562 480 dark
578 459 677 490 green
693 459 773 479 wax.

231 519 258 550 l.
284 518 340 550 An
355 517 431 550 inch
446 518 481 549 in
497 518 594 549 diam.
611 530 617 556 ;
643 528 661 548 a
678 517 796 555 sixfoil,
810 517 875 548 and
887 517 1052 559 radiating
1067 516 1168 558 point,
1186 516 1235 548 six
1251 515 1386 552 trefoils,
1403 515 1500 547 much
1517 514 1663 557 chipped.

229 587 420 630 Legend—-‘
438 592 469 624 ÷
491 586 525 619 s’.
546 598 567 619 K
587 613 593 618 .
613 613 619 618 .
640 613 646 618 .
666 613 671 618 .
692 597 775 618 FILII
795 598 801 617 z
827 585 1066 618 G11„LEMIHEL-'

229 657 257 688 2.
283 656 354 688 The
366 667 452 688 same
468 656 565 687 diam.
579 668 586 695 3
611 667 630 686 a
646 656 827 697 compound
841 655 1004 687 cross-like
1021 655 1141 693 device,
1158 654 1193 687 of
1208 655 1400 696 cinquefoils
1417 655 1481 686 and
1498 654 1633 686 trefoils.

229 726 420 769 Legend—‘
438 731 470 762 -1-
489 725 512 758 s’
530 736 620 757 YVOR
637 752 642 756 .
664 736 745 757 F11211
765 750 770 756 .
790 724 1028 756 olumnam]

228 796 454 828 Endorsed—‘
471 795 568 827 Carta
584 795 746 827 Ketherec
759 798 789 827 et
806 794 897 826 Yvor
913 795 952 826 de
969 800 1053 825 terra
1071 793 1275 826 Gillemichel
1293 794 1394 836 patris
1411 793 1543 825 eorum.’

821 916 1031 948 CCLXXII.

182 1000 483 1034 AGREEMENT
525 999 589 1032 BY
631 999 911 1032 OIROGRAPH
964 998 1201 1032 BETWEEN
1246 997 1458 1030 MARGAM
1504 996 1669 1030 ABBEY

290 1070 393 1102 AND
416 1069 581 1109 DAVID,
609 1068 699 1102 SON
727 1069 786 1101 OF
813 1068 1044 1101 HERBERT
1069 1067 1331 1107 SCURLAGE,
1359 1066 1671 1099 GONOERNING

295 1139 393 1171 THE
439 1139 533 1171 FEE
579 1139 639 1171 OF
684 1138 927 1171 LANGEWI.

729 1202 901 1242 [MARGAM
931 1200 1126 1243 Ciminium]
1529 1200 1625 1231 1202.

228 1278 339 1311 Sciant
355 1290 465 1311 omnes
481 1279 567 1321 quod
583 1278 641 1311 hec
657 1283 705 1310 est
722 1278 891 1310 conventio
909 1289 970 1319 que
988 1278 1074 1308 facta
1090 1279 1137 1308 est
1153 1276 1238 1308 inter
1254 1275 1405 1308 abbatem
1431 1275 1667 1317 monachosque

184 1349 224 1381 de
241 1348 397 1380 MARGAN
414 1351 446 1380 et
460 1348 574 1379 DAvu)
590 1347 695 1379 filium
712 1346 899 1379 HERBERTI
924 1346 1104 1378 SCURLAGE
1129 1346 1169 1377 de
1192 1345 1290 1377 feudo
1314 1345 1354 1377 de
1378 1344 1549 1376 LANGEWI
1575 1351 1607 1376 et
1630 1345 1671 1376 de

183 1418 260 1450 totis
291 1417 499 1460 pertinentiis
529 1417 595 1449 suis
629 1442 635 1448 .
669 1417 788 1449 scilicet
819 1417 906 1459 quod
937 1427 997 1458 ego
1033 1416 1146 1446 Divm
1170 1415 1255 1446 filius
1279 1414 1466 1446 HERBERTI
1490 1413 1669 1446 SCURLAGE

184 1487 321 1519 concessi
347 1493 379 1519 et
402 1487 477 1518 dedi
503 1490 535 1518 et
557 1487 616 1518 hoc
640 1487 758 1528 scripto
783 1486 969 1518 confirmavi
998 1485 1068 1517 Deo
1101 1488 1132 1516 et
1163 1484 1291 1516 ecclesie
1322 1483 1439 1516 Sancte
1478 1483 1599 1515 MAROE
1631 1483 1670 1515 de

183 1555 342 1588 MARGAM
359 1558 391 1588 et
407 1555 572 1588 monachis
588 1567 650 1598 que
668 1556 689 1587 i.
708 1555 749 1587 D.
768 1556 912 1587 serviunt
928 1557 1031 1586 totam
1047 1553 1183 1585 feudum
1195 1553 1234 1585 de
1248 1552 1420 1585 LANGmw
1435 1564 1508 1584 cum
1520 1552 1670 1584 omnibus

183 1625 387 1667 pertinentiis
403 1632 434 1656 et
450 1625 648 1657 aisiamentis
665 1625 730 1657 suis
745 1625 780 1656 in
797 1625 1005 1656 elemosinam
1020 1626 1089 1655 tam
1105 1623 1196 1655 illam
1211 1626 1338 1665 partem
1363 1634 1461 1664 quam
1484 1622 1669 1654 habuerunt

183 1697 258 1726 ante
273 1706 325 1726 me
341 1695 381 1726 de
398 1698 488 1736 patre
504 1705 575 1726 meo
592 1697 624 1726 et
647 1695 687 1726 de
713 1694 965 1726 antecessoribus
991 1694 1071 1724 meis
1095 1693 1130 1724 in
1155 1703 1270 1735 puram
1296 1691 1505 1723 elemosinam
1535 1715 1542 1722 .
1569 1702 1667 1733 quam

182 1766 288 1795 totum
304 1764 468 1796 residuum
486 1764 587 1806 ipsius
611 1764 708 1796 feudi.
756 1763 874 1796 Totam
897 1763 981 1795 hano
1004 1765 1124 1794 terram
1148 1761 1286 1793 concessi
1309 1763 1342 1792 et
1365 1760 1441 1792 dedi
1464 1771 1524 1802 ego
1549 1759 1667 1791 DAvn)

183 1831 362 1864 SCURLAGE
377 1833 530 1875 predictis
545 1833 711 1865 monachis
727 1833 762 1865 in
784 1833 991 1865 elemosinam
1014 1843 1088 1863 cum
1114 1830 1264 1863 omnibus
1281 1829 1487 1872 pertinentiis
1514 1831 1546 1860 et
1573 1829 1666 1860 aisia-

182 1902 300 1934 mentis
315 1902 380 1934 suis
396 1902 464 1934 sine
480 1902 547 1934 ullo
562 1903 778 1934 retinemento
794 1902 958 1934 reddendo
973 1900 1072 1932 michi
1089 1904 1121 1932 et
1136 1899 1308 1932 heredibus
1323 1899 1403 1930 meis
1427 1898 1598 1930 annuatim
1626 1909 1666 1929 ex

179 1971 237 2003 illa
252 1974 343 2014 parte
359 1982 457 2013 quam
472 1971 594 2003 habent
609 1983 649 2003 ex
665 1971 794 2014 proprio
811 1971 898 2003 dono
914 1982 985 2002 meo
1003 1970 1045 2002 ad
1068 1970 1189 2001 festum
1215 1968 1325 2001 Sancti
1352 1967 1549 1999 MICHAELis
1575 1991 1581 1997 .
1607 1978 1663 1999 IIJ.

181 2051 303 2072 marcas
318 2040 448 2083 argenti
463 2052 521 2083 pro
537 2040 626 2072 omni
642 2040 772 2073 servitio
795 2041 883 2072 salvo
906 2039 1035 2071 servitio
1061 2038 1185 2071 domini
1210 2037 1335 2070 comitis
1365 2063 1371 2068 .
1401 2037 1487 2079 quod
1513 2035 1663 2067 monachi

180 2108 309 2141 facient.
357 2109 408 2141 De
435 2110 553 2152 quibus
577 2121 631 2142 11J.
659 2110 774 2142 marcis
800 2109 937 2142 concessi
965 2108 1144 2142 WALTERO
1171 2107 1292 2139 LUVEL
1317 2109 1349 2138 et
1374 2104 1546 2138 heredibus
1571 2105 1660 2137 suis.

179 2189 210 2210 v.
228 2179 346 2211 solidos
366 2179 547 2211 reddendos
569 2179 739 2211 annuatim
766 2179 808 2211 ad
827 2178 948 2211 festum
975 2177 1087 2210 Sancti
1113 2177 1311 2209 MICHAELIS
1337 2187 1393 2217 per
1411 2186 1528 2207 manus
1550 2185 1662 2206 mona-

180 2247 313 2279 ohomm
329 2250 362 2280 et
376 2259 457 2280 xxx.
474 2250 508 2280 et
530 2260 559 2279 v.
585 2248 702 2280 solidos
725 2248 823 2280 michi
849 2250 882 2280 et
904 2246 1078 2279 heredibus
1105 2246 1185 2278 meis
1205 2246 1247 2278 ad
1268 2245 1450 2288 predictum
1473 2243 1659 2275 terminum.
