1998 2724
1528 152 1592 183 259

820 307 971 340 GOLIX.

155 390 320 424 GRANT
350 381 416 423 ΒΥ
446 389 584 430 JOHN,
613 390 712 422 THE
740 390 899 422 OLERK
927 390 986 422 OF
1018 389 1305 429 BONEVILLE,
1338 390 1395 422 TO
1427 390 1637 423 MARGAM

264 459 437 499 ABBEY,
470 458 529 491 OF
555 458 588 491 A
612 458 767 491 THIRD
800 459 924 492 PART
950 459 1009 491 OF
1033 459 1115 492 His
1138 459 1272 492 LAND
1298 459 1351 491 IN
1376 459 1635 492 BONVILLE-

269 527 433 572 [STONJ.

695 571 870 614 [MARGAM
900 571 1095 615 CHARTER]

199 655 358 687 Omnibus
381 654 497 687 Sancte
520 665 545 686 e.
564 654 587 685 f.
605 665 632 685 a.
652 666 681 696 q.
700 666 729 695 p.
748 666 771 686 s
796 654 974 696 pervenerit
998 655 1020 686 J
1023 665 1182 686 OHANNES
1209 655 1340 687 clericus
1367 656 1406 687 de
1434 655 1639 687 BONEVILLA

157 725 303 757 salutem.
350 724 476 756 Notum
503 723 586 756 facio
609 723 811 755 universitati
835 727 937 755 vestre
960 735 1012 755 me
1035 724 1222 756 concessisse
1247 750 1253 756 .
1279 727 1311 756 et
1334 725 1458 756 dedisse
1483 750 1489 755 .
1514 724 1585 757 Deo
1609 727 1641 757 et

155 793 320 825 monachis
341 794 380 824 de
401 793 556 825 MARGAN
581 818 588 824 .
614 793 745 824 terciam
772 798 896 834 partem
921 796 1003 824 terre
1029 804 1099 824 mee
1123 793 1157 824 in
1184 793 1387 825 BoNEquA
1415 820 1420 825 .
1448 805 1506 836 pro
1531 794 1640 826 anima

157 873 229 894 mea
255 865 288 894 et
313 864 547 894 antecessorum
578 864 610 893 et
641 872 854 893 successonun
884 873 1028 893 meorum
1060 888 1065 893 .
1098 862 1132 893 in
1164 862 1371 893 elemosinam
1402 864 1474 904 post
1504 865 1641 894 mortem

155 941 270 962 meam.
318 929 371 962 Ita
399 931 483 973 quod
511 930 668 972 quamdiu
692 930 801 962 vixero
826 930 948 962 fruetus
973 942 1179 973 quoscunque
1209 933 1318 972 potero
1349 931 1424 962 inde
1455 931 1639 973 percipiam.

158 998 205 1031 Et
219 1002 291 1041 post
307 1002 441 1031 mortem
457 1010 562 1031 meam
577 999 721 1041 predicta
736 1002 821 1031 ‘cena
837 1000 955 1031 eisdem
971 999 1134 1031 monachis
1150 1000 1232 1031 sicut
1247 1011 1328 1042 puxa
1345 1000 1517 1033 elemosina
1533 1000 1642 1043 quieta

157 1069 344 1101 remanebit.
392 1068 470 1100 Hiis
485 1067 629 1100 testibus.

202 1138 405 1170 Entitlesl—“
419 1138 516 1170 Carta
531 1137 554 1170 J
556 1137 691 1169 ohannis
707 1138 746 1169 de
764 1137 935 1169 Bonavilla
951 1139 990 1169 <le
1006 1143 1091 1169 terra
1108 1139 1194 1180 apud
1211 1137 1384 1170 Bonevill.'

834 1375 965 1407 CCLX.

158 1459 322 1493 GRANT
361 1458 425 1491 BY
463 1457 591 1491 JOHN
629 1458 694 1490 DE
734 1457 979 1490 BONVILLE
1022 1457 1079 1489 To
1123 1457 1334 1490 MARGAM
1375 1459 1539 1491 ABBEY
1582 1460 1642 1492 OF

355 1527 542 1560 THIRTY
572 1527 721 1560 ACRES
753 1527 807 1560 IN
839 1527 938 1559 THE
960 1520 1061 1558 'FER
1096 1527 1154 1558 OF
1186 1527 1441 1561 BONVILLE.

701 1609 877 1652 [MARGAM
900 1608 1094 1651 CHARTER]

203 1690 360 1723 Omnibus
376 1690 492 1723 Sancte
508 1702 533 1723 e.
552 1690 575 1722 f.
593 1702 623 1733 p.
641 1692 673 1722 et
689 1691 808 1722 futuris
823 1691 845 1723 J
848 1702 1008 1722 OHANNES
1024 1691 1063 1722 de
1079 1690 1281 1722 BoxmLLA
1298 1691 1443 1723 salutem.

201 1760 315 1792 Sciatis
337 1771 389 1791 me
412 1771 437 1791 o.
455 1762 487 1791 et
510 1760 540 1791 cl.
558 1762 591 1791 et
606 1759 636 1791 h.
655 1771 679 1791 c.
697 1770 769 1791 mea
792 1760 874 1792 conf.
893 1759 935 1792 D.
953 1762 984 1791 et
1001 1771 1027 1791 e.
1045 1759 1077 1792 S.
1095 1759 1142 1792 M.
1160 1760 1200 1791 de
1223 1759 1270 1791 M.
1289 1762 1321 1791 et
1343 1771 1386 1792 m.
1403 1760 1424 1792 i.
1442 1759 1484 1792 D.
1503 1761 1640 1793 servien-

157 1828 244 1860 tibus
266 1839 344 1860 xxx.
362 1839 450 1860 acras
465 1830 548 1860 berre
564 1828 693 1861 arabilis
716 1828 751 1860 in
774 1829 872 1861 feudo
895 1840 966 1861 meo
987 1829 1027 1860 de
1046 1829 1248 1860 BONEVILLA
1266 1854 1273 1860 .
1291 1828 1422 1861 consilio
1438 1832 1470 1860 et
1486 1840 1641 1862 consensu

158 1896 229 1939 conj
234 1897 307 1939 ugis
321 1907 390 1928 mee
408 1922 414 1929 .
433 1899 465 1928 et
479 1896 633 1928 heredum
649 1908 793 1929 meormn
807 1923 813 1929 .
825 1900 862 1929 ut
878 1897 1018 1929 habeant
1033 1900 1064 1929 et
1084 1900 1215 1929 teneant
1231 1897 1389 1939 predictas
1405 1908 1484 1930 xxx.
1503 1909 1590 1930 acras
1606 1899 1640 1930 in

156 1976 271 2008 puram
294 1967 325 1996 et
348 1968 535 2007 perpetuam
558 1966 764 1998 elemosinam
787 1966 920 1999 liberam
941 1969 973 1998 et
992 1966 1134 2009 quietam
1150 1991 1159 1999 .
1176 1966 1216 1998 ab
1232 1966 1320 1998 omni
1336 1967 1464 1999 servitio
1480 1967 1613 1999 seculari
1629 1992 1638 2000 .

157 2034 387 2067 consuetudine
405 2060 411 2066 .
429 2037 461 2066 et
476 2035 641 2067 exactione
657 2060 665 2067 .
682 2035 765 2067 sieut
783 2035 850 2067 ulla
871 2036 1043 2067 elemosina
1058 2035 1189 2067 liberius
1204 2035 1305 2067 teneri
1322 2038 1426 2077 potest
1443 2062 1449 2067 .
1467 2047 1524 2077 per
1538 2038 1640 2068 metas

158 2105 191 2136 et
213 2104 330 2136 divisas
353 2115 415 2145 que
439 2103 520 2135 eii-ea
542 2104 645 2145 ipsam
668 2107 787 2137 ten-am
810 2107 886 2136 sunt
909 2105 976 2136 site.
1030 2104 1076 2136 Et
1098 2104 1157 2136 hoc
1179 2107 1285 2136 totum
1301 2104 1580 2137 warantizabimus
1596 2105 1641 2137 eis

157 2183 219 2215 ego
235 2174 267 2204 et
281 2172 412 2204 heredes
427 2172 491 2204 mei
507 2172 540 2204 in
556 2175 756 2214 perpetuum.
804 2173 881 2205 Hiis
897 2173 1042 2206 testibus.

203 2240 406 2273 Entitled—‘
420 2240 517 2273 Carta
532 2241 678 2283 ejusdem
694 2242 733 2273 de
750 2253 829 2274 xxx.
847 2253 934 2274 acras
949 2246 1041 2274 berre.
