1998 2724
1564 181 1627 212 589

232 335 372 368 Noverit
397 335 590 368 universitas
620 336 725 366 vestra
751 336 837 376 quod
864 347 924 378 ego
953 336 1084 368 consilio
1115 338 1147 368 et
1173 347 1328 369 consensu
1355 337 1495 369 filiorum
1526 350 1671 372 meorum

189 405 308 438 scilicet
327 430 333 436 .
351 404 488 438 WRONY
506 430 512 435 .
530 403 712 436 LEWELIM
737 431 743 436 .
769 404 934 437 KETHERI
961 431 967 436 .
993 405 1142 437 Hownm
1161 432 1167 437 .
1187 405 1351 438 GRIFFINI
1379 432 1384 438 .
1410 405 1594 440 LEWELINI
1614 435 1619 440 .
1638 412 1670 441 et

189 475 327 507 aliorum
340 474 515 506 amicorum
526 484 672 505 meorum
685 473 813 515 quitum
826 474 962 506 clamavi
975 476 1007 506 et
1021 474 1171 518 abjuravi
1187 475 1258 507 Deo
1271 479 1302 507 et
1313 487 1339 507 c.
1352 475 1390 507 B.
1404 475 1450 507 M.
1463 477 1503 508 (le
1515 477 1671 510 MARGAN

190 547 223 576 et
237 554 279 576 m.
297 544 318 575 i.
336 543 378 575 D.
397 555 420 575 s.
439 546 545 575 totum
560 543 713 575 clamium
728 554 837 575 meum
847 546 879 576 et
891 546 997 576 totum
1012 543 1066 586 jus
1081 544 1167 586 quod
1180 544 1325 577 dicebam
1338 556 1389 577 me
1401 545 1520 578 habere
1535 546 1569 578 in
1586 550 1671 579 terra

192 614 232 645 de
253 613 506 645 Eemsmmnn
525 613 562 644 in
586 612 680 644 bosco
699 615 731 644 et
756 613 853 654 plano
877 624 949 644 cum
971 613 1120 645 omnibus
1143 613 1347 646 libertatibus
1370 619 1402 646 et
1423 615 1621 648 aisiamentis
1643 619 1675 649 et

188 682 393 725 pertinentiis
409 682 474 714 suis
488 707 494 713 .
509 685 546 714 ut
561 681 701 714 habeant
720 684 751 714 et
767 684 899 714 teneant
915 683 993 714 dicti
1009 683 1159 715 monachi
1175 683 1295 716 dictam
1311 687 1431 716 terram
1447 684 1546 717 libere
1563 686 1671 727 quiete

189 756 221 784 et
240 752 370 794 pacifice
392 763 449 794 pro
473 763 525 783 me
547 754 578 783 et
602 751 752 783 omnibus
773 751 943 784 heredibus
968 753 1047 784 meis
1069 756 1099 784 et
1126 753 1355 785 successoribus
1378 754 1457 786 meis
1475 780 1481 786 .
1499 755 1580 787 sicut
1605 755 1673 787 ulla

189 821 363 854 elemosina
383 820 515 853 liberius
535 823 566 852 et
589 821 729 863 quietius
751 821 861 853 haberi
881 824 985 864 potest
1007 822 1057 854 vel
1079 822 1181 854 teneri
1202 823 1237 854 in
1252 826 1444 865 perpetuum
1463 849 1468 855 .
1487 824 1568 856 sicut
1585 827 1672 856 carta

189 902 261 923 mea
277 893 309 922 et
324 890 463 922 fratrum
478 901 623 922 meorum
640 901 737 932 quam
754 890 830 922 inde
845 890 934 932 prius
951 890 1134 923 habuerunt
1149 918 1155 923 .
1169 894 1316 924 testatur.
1364 891 1409 923 Et
1426 893 1502 934 quia
1518 893 1564 925 illi
1587 897 1671 926 carte

190 958 335 1001 sigillum
362 970 469 991 meum
495 958 679 1001 appositum
707 970 772 990 non
798 958 863 990 fuit
888 986 893 991 .
919 959 990 991 ideo
1018 960 1100 991 hanc
1125 960 1324 1002 singularem
1350 963 1470 993 cartam
1494 962 1555 993 feci
1579 962 1673 994 dictis

189 1028 355 1060 monachis
371 1028 478 1070 sigillo
501 1039 572 1060 meo
589 1028 820 1060 confirmatam.
868 1027 915 1059 Et
931 1029 1095 1060 sciendum
1116 1030 1202 1071 quod
1224 1030 1354 1071 quando
1372 1030 1434 1061 feci
1453 1030 1537 1062 hanc
1552 1033 1673 1063 cartam

190 1097 284 1129 dictis
301 1096 466 1129 monachis
484 1123 489 1128 .
508 1096 569 1139 ipsi
585 1097 732 1129 dederint
749 1097 847 1129 michi
870 1109 968 1129 unam
984 1109 1113 1130 vaccam
1135 1098 1266 1130 nomine
1288 1099 1436 1131 karitatis
1451 1102 1483 1131 et
1499 1100 1673 1142 unicuique

190 1166 330 1198 filiorum
352 1164 497 1198 me'orum
520 1166 600 1198 duos
622 1166 749 1198 solidos.
775 1166 821 1198 Et
842 1178 900 1198 nos
921 1178 1031 1199 omnes
1054 1167 1172 1199 scilicet
1190 1179 1250 1210 ego
1266 1171 1297 1200 et
1321 1179 1431 1200 omnes
1454 1169 1591 1210 predicti
1614 1169 1673 1201 filii

188 1236 252 1268 mei
282 1235 464 1278 juravimus
494 1247 589 1278 super
619 1238 819 1268 sacrosancta
849 1237 978 1268 ecclesie
1009 1237 1048 1268 de
1080 1236 1235 1269 MARGAN
1270 1264 1274 1268 .
1309 1238 1395 1279 quod
1426 1238 1509 1270 hanc
1548 1238 1673 1280 quitam

190 1304 417 1336 clamationem
441 1304 579 1336 fideliter
595 1306 627 1336 et
643 1304 712 1336 sine
727 1305 801 1336 dolo
825 1305 1006 1337 tenebimus
1022 1308 1055 1337 et
1070 1308 1181 1337 contra
1198 1317 1308 1338 omnes
1326 1306 1469 1338 homines
1485 1306 1673 1339 warantiza-

188 1373 296 1406 bimus
311 1373 345 1405 in
362 1375 564 1416 perpetuum.
612 1373 690 1405 Hiis
713 1373 858 1406 testibus.

233 1442 437 1475 Entitled—‘
449 1442 626 1485 Abjuratio
643 1443 778 1476 Gradoci
795 1443 853 1476 filii
871 1444 1003 1476 Ricardi
1020 1445 1060 1476 de
1075 1447 1162 1476 terra
1178 1445 1218 1476 de
1234 1444 1488 1488 Egliskeinwir.’

875 1512 988 1534 Richurd.

897 1572 941 1595 Cra
945 1544 997 1630 :doc

847 1813 1010 1846 DLXIV.

211 1893 512 1926 AGREEMENT
543 1893 784 1928 BETWEEN
817 1894 1029 1927 MARGAM
1059 1895 1224 1928 ABBEY
1254 1895 1356 1928 AND
1387 1895 1640 1930 KAERLION

257 1962 568 1995 OONOERNING
590 1963 723 1996 LAND
748 1963 988 1996 BETWEEN
1012 1964 1111 1996 THE
1135 1963 1228 1997 ΤΑΕ
1250 1964 1353 1998 AND
1377 1965 1596 1998 DUFLEIS.

729 2045 905 2089 [MARGAM
929 2046 1125 2089 CHARTER.]

315 2126 520 2160 comosum
543 2138 648 2160 INTER
671 2139 795 2161 Domum
818 2140 862 2160 DE
885 2128 1041 2161 MARGAN
1066 2140 1107 2161 ET
1130 2140 1253 2161 DOMUM
1278 2140 1322 2161 DE
1346 2129 1543 2162 KAIRLEON.

226 2207 271 2241 In
285 2207 411 2241 nomini
425 2208 528 2251 patris
542 2211 576 2241 et
590 2209 651 2242 filii
673 2212 706 2242 et
729 2210 861 2253 spiritus
883 2211 987 2243 sancti
1010 2211 1128 2244 Amen.
1176 2211 1337 2244 Convenit
1359 2212 1445 2244 inter
1467 2213 1600 2245 domum
1622 2213 1663 2245 de

181 2276 339 2310 MARGAN
355 2279 388 2310 et
403 2278 536 2311 domum
551 2279 592 2311 de
607 2278 794 2312 KAIRLEON
810 2291 905 2322 super
920 2280 1014 2312 terris
1037 2282 1069 2312 et
1091 2280 1231 2323 pasturis
1253 2280 1339 2313 inter
1359 2280 1433 2313 Tu
1454 2283 1487 2313 et
1508 2281 1663 2314 DUFLms
