1998 2724
306 149 370 181 508

949 477 1052 511 DIII.

258 561 603 598 ACQUITTANOE
638 561 704 594 BY
739 560 929 594 ROBERT
968 560 1032 592 DE
1070 559 1317 593 BONEVILE
1356 558 1450 591 FOR
1487 558 1740 592 EIGHTEEN

369 630 546 670 MARKS,
578 630 731 663 BEING
769 629 850 662 SIX
888 628 1058 662 YEARS'
1091 628 1221 661 RENT
1256 629 1315 661 OF
1349 628 1482 661 LAND
1508 628 1563 660 IN
1597 628 1740 661 BONE-

368 699 648 738 VILESTONE,
672 699 730 732 ΤΟ
754 698 966 731 MARGAM
989 697 1164 730 ABBEY.

721 780 853 824 [HARL.
879 780 1057 820 CHARTER,
1081 780 1122 811 75
1147 779 1187 812 B.
1212 779 1283 822 21.]
1455 780 1494 811 19
1511 778 1605 818 ΜΑῩ,
1624 779 1718 811 1237.

300 865 481 898 Universis¹
502 864 645 897 CHRISTI
669 862 818 895 fidelibus
840 873 970 905 presens
988 863 1142 905 scriptum
1165 861 1281 893 visuris
1302 861 1353 893 vel
1376 860 1536 893 audituris
1559 860 1741 892 Romanus

256 935 296 967 de
313 934 494 966 BoNEvnAE
510 933 648 966 salutem
665 933 700 965 in
716 933 858 965 domino.

300 1003 438 1036 Noverit
453 1003 645 1036 universitas
656 1004 762 1034 vestra
777 1002 864 1044 quod
876 1012 937 1044 ego
952 1001 1057 1043 recepi
1072 1012 1128 1043 pre
1140 999 1290 1032 manibus
1305 1000 1345 1031 de
1357 999 1522 1032 monachis
1534 999 1574 1031 de
1584 998 1740 1031 MARGAN
1768 998 1770 1003 “

252 1076 359 1105 totum
373 1073 515 1105 reditum
531 1083 639 1104 meum
655 1083 711 1104 sex
726 1082 886 1103 annorum
902 1071 942 1103 de
957 1073 1043 1103 terra
1059 1070 1098 1102 de
1116 1069 1401 1101 Bomvmsrom
1421 1093 1427 1100 .
1445 1068 1565 1100 scilieet
1581 1068 1692 1100 decem
1707 1070 1740 1100 et

253 1145 324 1175 octo
346 1153 469 1175 marcas
492 1141 722 1184 sterlingorum
745 1151 830 1172 anno
854 1140 958 1183 gratie
981 1144 1027 1171 ΜΟ·
1043 1144 1096 1171 cc⁰²
1110 1143 1200 1171 xxx0·
1215 1138 1350 1181 septimo
1375 1138 1458 1170 eirea
1480 1137 1602 1170 festum
1624 1136 1742 1170 Sancte

253 1211 474 1244 PornnchNE
490 1210 635 1254 virginis.
682 1210 737 1242 Ita
755 1210 843 1252 quod
858 1209 937 1241 dicti
955 1207 1105 1242 monaehi
1129 1207 1212 1250 quiti
1231 1210 1308 1239 sunt
1324 1207 1364 1239 de
1385 1207 1499 1239 eodem
1519 1206 1627 1239 reditu
1641 1218 1743 1250 usque

255 1282 297 1313 ad
319 1281 525 1313 nativitatem
540 1280 651 1312 Sancti
674 1279 696 1312 J
698 1290 849 1311 OHANNIS
865 1278 1036 1310 BAPTISTE
1061 1303 1067 1309 .
1093 1278 1171 1309 anni
1195 1277 1319 1309 domini
1342 1276 1507 1309 millesimi
1531 1275 1743 1308 ducentesimi

255 1351 493 1393 quadragesimi
509 1350 599 1382 tercii
617 1375 622 1381 .
641 1352 673 1381 et
689 1351 767 1381 tunc
783 1351 815 1380 et
831 1348 981 1390 deinceps
996 1348 1036 1379 de
1048 1347 1161 1379 eodem
1176 1346 1283 1378 reditu
1303 1344 1554 1388 respondebunt.
1603 1344 1700 1381 Quod
1715 1345 1743 1377 si

255 1420 343 1452 infra
358 1419 481 1452 dictum
496 1419 672 1451 terminum
688 1419 728 1450 de
744 1429 796 1450 me
812 1417 998 1449 humaniter
1019 1415 1192 1458 contigerit
1210 1441 1215 1447 .
1234 1415 1366 1448 heredes
1381 1426 1453 1447 mee
1471 1414 1572 1446 nichil
1587 1414 1744 1457 recipient

257 1490 298 1521 de
322 1489 408 1521 dicto
433 1489 539 1520 reditu
566 1513 572 1519 .
601 1499 703 1530 usque
729 1488 771 1519 ad
801 1487 925 1519 dictum
952 1485 1137 1518 terminum.
1184 1484 1230 1516 Et
1257 1484 1291 1516 in
1320 1483 1421 1527 hujus
1447 1483 1494 1515 rei
1521 1483 1745 1516 testimonium

258 1558 400 1601 presenti
415 1558 533 1600 scripto
548 1557 693 1600 sigillum
709 1568 818 1589 meum
829 1556 972 1598 apposui.
1020 1554 1099 1587 Hiis
1114 1554 1249 1587 testibus
1260 1579 1267 1586 .
1279 1554 1410 1586 domino
1424 1553 1580 1586 Rmffino
1591 1553 1745 1586 canonico

260 1627 469 1660 LANTHONIE
485 1626 602 1658 PmMss
620 1651 626 1658 .
645 1626 824 1658 GALFRmo
836 1625 876 1657 de
897 1625 1078 1657 BowzvnAE
1096 1650 1102 1656 .
1120 1623 1286 1656 JOHANNE
1306 1623 1412 1656 Pinus
1430 1649 1437 1655 .
1456 1622 1611 1655 Rmmno
1632 1622 1744 1655 clerico

260 1698 300 1729 de
332 1696 505 1729 KENEFEG
530 1721 536 1728 .
561 1695 758 1730 WILLELMO
790 1695 1030 1727 FRANKELEYN
1061 1720 1066 1725 .
1096 1693 1278 1727 Nlcflomo
1310 1693 1350 1725 de
1382 1692 1504 1725 Lmen
1539 1718 1546 1725 .
1575 1692 1744 1725 JOHANNE

263 1765 452 1799 WHITARD’
472 1792 477 1797 .
496 1769 527 1798 et
544 1765 656 1798 multis
671 1765 752 1797 aliis.

308 1835 439 1867 Broken
462 1835 537 1874 seal,
554 1846 653 1878 green
676 1846 758 1873 wax,
782 1834 880 1866 about
905 1834 969 1865 lin.
989 1833 1034 1875 by
1057 1832 1122 1874 gin.
1170 1831 1367 1874 Impression
1390 1832 1425 1864 of
1452 1842 1494 1863 an
1518 1830 1652 1873 antique
1672 1830 1745 1863 oval

263 1905 412 1948 intagh'o,
428 1916 471 1936 an
486 1904 606 1947 Agnus
622 1904 695 1937 Dei.

806 2042 843 2070 (1)
861 2040 1021 2064 Ornameutal
1032 2039 1206 2068 handwriting.
