1998 2724
394 165 458 196 624

1022 377 1161 411 DXCV.

347 461 518 495 JEWAN
550 461 614 494 AB
647 460 825 493 GWEYR
856 459 958 492 AND
990 459 1072 492 HIS
1111 459 1224 492 SONS
1265 459 1636 493 ACKNOWLEDGE
1674 459 1828 493 THEIR

457 529 744 563 TRESPASSES
774 528 984 562 AGAINST
1021 528 1232 562 MARGAM
1262 529 1425 562 ABBEY
1455 529 1518 562 AT
1548 528 1826 562 EGLISKEIN-

457 600 556 634 WIR
601 599 664 632 ΟΒ
710 597 1036 637 LLANGEINOR,
1081 598 1182 630 AND
1228 598 1389 631 AGREE
1436 598 1493 631 TO
1540 598 1721 631 SUBMIT
1767 598 1825 631 ΤΟ

455 667 931 702 EXOOMMUNIOATION
974 667 1023 699 IF
1066 667 1201 700 THEY
1243 668 1410 701 BREAK
1451 667 1606 700 THEIR
1647 667 1824 700 AGREE-

456 737 600 770 MENT.

887 781 1061 824 [MARGAM
1094 780 1286 825 CHARTER]

794 864 905 896 FEAST
928 875 968 895 or
993 863 1048 896 SS.
1075 863 1192 895 Prema
1216 875 1284 895 AND
1313 863 1414 895 PAUL.
1462 864 1503 895 29
1528 863 1632 895 JUNE.
1684 863 1777 895 1258.

387 948 546 980 Omnibus
563 947 703 979 CHR1s'r1
722 946 871 979 fidelibus
894 958 924 988 p.
942 950 974 978 et
990 946 1012 977 f.
1031 946 1072 977 ad
1089 957 1167 987 quos
1183 957 1311 988 presens
1326 946 1480 988 seriptum
1496 945 1687 987 pervenerit.

385 1017 510 1050 JEWAN
535 1017 576 1049 ab
600 1016 732 1049 GWEYR
757 1042 763 1047 .
789 1018 821 1048 et
844 1015 903 1048 filii
927 1015 998 1058 ejus
1023 1041 1029 1047 .
1055 1014 1177 1047 Mnnoc
1200 1014 1240 1046 ab
1263 1014 1389 1047 JEWAN
1415 1041 1420 1046 .
1448 1014 1580 1046 Gru-mn
1603 1013 1644 1045 ab
1660 1012 1786 1046 JEWAN
1812 1039 1818 1044 .

341 1087 364 1119 J
368 1098 469 1118 EWAN
486 1087 633 1119 VACHAN
653 1112 659 1118 .
677 1089 821 1118 eternam
837 1086 870 1118 in
888 1085 1019 1117 domino
1035 1085 1181 1116 salutem.

386 1156 523 1188 Noverit
547 1155 739 1187 universitas
754 1158 859 1187 vestra
883 1155 969 1196 quod
984 1159 1114 1196 propter
1137 1153 1277 1185 diversas
1292 1156 1325 1185 et
1348 1165 1461 1195 graves
1477 1152 1622 1195 querelas
1638 1152 1795 1184 sedandas
1811 1178 1817 1184 .

340 1237 421 1268 quas
444 1226 614 1258 adversum
632 1236 691 1257 nos
713 1224 895 1257 habuerunt
920 1224 1070 1256 dominus
1093 1222 1190 1255 abbas
1212 1225 1244 1254 et
1260 1226 1436 1254 conventus
1451 1223 1490 1254 de
1515 1222 1669 1254 MARGAN
1696 1247 1702 1253 .
1727 1232 1822 1264 super

341 1295 474 1327 diversis
498 1298 529 1326 et
545 1294 699 1337 gravibus
721 1294 872 1336 dampnis
888 1319 893 1325 .
912 1305 931 1324 a
955 1292 1047 1325 nobis
1063 1292 1122 1324 sibi
1145 1292 1245 1324 illatis
1263 1317 1268 1323 .
1288 1291 1329 1323 In
1353 1291 1449 1323 blado
1472 1294 1504 1323 et
1527 1291 1627 1333 pratis
1645 1317 1650 1322 .
1670 1291 1794 1332 pascuis
1812 1316 1817 1322 .

341 1368 374 1397 et
397 1364 581 1396 nemoribus
599 1389 604 1395 .
624 1375 703 1405 quas
727 1363 858 1405 quidem
882 1363 1028 1404 querelas
1051 1366 1083 1394 et
1107 1361 1243 1404 injurias
1260 1387 1266 1392 .
1284 1362 1439 1403 perpetuo
1455 1359 1547 1392 nobis
1564 1360 1789 1392 condonarunt
1813 1385 1819 1391 .

342 1445 428 1466 anno
459 1433 569 1465 domm*
604 1440 647 1464 31⁰·
667 1438 721 1464 00⁰·
741 1439 779 1464 ΙΝ
803 1434 914 1464 octavo
945 1432 1027 1464 eirea
1055 1431 1173 1463 festum
1204 1430 1372 1462 beatorum
1406 1429 1622 1472 apostolorum
1653 1429 1761 1461 PETRI
1793 1432 1825 1461 et

342 1503 453 1535 Pium
473 1528 478 1533 .
497 1501 719 1544 abjuravimus
741 1502 776 1533 in
792 1504 986 1544 perpetuum
1002 1503 1104 1532 totam
1119 1504 1239 1532 terram
1254 1499 1415 1531 dictorum
1431 1498 1556 1531 abbatis
1571 1501 1603 1530 et
1619 1502 1796 1530 conventus
1813 1524 1818 1530 .

342 1573 383 1604 de
399 1572 554 1603 Minoam
579 1574 647 1603 tam
662 1571 749 1613 apud
773 1570 1060 1602 Eomsxmwwm
1077 1580 1173 1610 quam
1197 1567 1283 1600 alibi.
1333 1567 1387 1599 Ita
1403 1568 1488 1609 quod
1510 1578 1678 1608 nunquam
1704 1571 1822 1598 terram

344 1652 453 1672 eorum
469 1651 527 1672 nos
539 1666 545 1671 .
558 1640 608 1672 vel
624 1639 770 1672 homines
786 1639 886 1671 nostri
899 1665 904 1670 .
920 1651 977 1671 nee
993 1638 1125 1670 heredes
1141 1638 1241 1670 nostri
1255 1663 1261 1669 .
1276 1637 1326 1669 vel
1343 1637 1490 1669 homines
1502 1648 1613 1668 eorum
1628 1636 1822 1668 intrabimus

344 1721 416 1742 eum
433 1709 547 1741 averiis
570 1709 687 1741 nostris
710 1720 766 1751 per
782 1709 849 1740 vim
866 1708 915 1739 vel
932 1708 1080 1739 fraudem
1103 1708 1145 1738 ad
1161 1718 1232 1738 eam
1249 1707 1482 1748 depascendam
1501 1731 1507 1737 .
1526 1705 1576 1737 Eo
1592 1706 1678 1747 quod
1694 1704 1821 1737 nullum

336 1779 392 1821 jus
417 1779 451 1810 in
467 1790 577 1811 eorum
602 1781 687 1810 terra
703 1777 819 1810 habere
844 1789 902 1810 nos
929 1779 1150 1819 protestamur.
1199 1775 1244 1807 Et
1271 1775 1402 1817 iusuper
1424 1774 1605 1817 juravimus
1620 1774 1706 1816 quod
1721 1776 1822 1806 terras

342 1860 452 1880 eorum
474 1853 505 1879 et
527 1847 612 1879 bona
635 1846 767 1878 mobilia
791 1850 822 1878 et
845 1846 1026 1878 immobilia
1050 1849 1205 1887 tanquam
1232 1844 1298 1876 veri
1323 1844 1437 1875 fratres
1458 1843 1604 1886 ejusdem
1629 1844 1742 1875 domus
1763 1854 1820 1885 pro

341 1929 431 1960 posse
462 1920 570 1948 nostro
602 1919 711 1947 eontra
743 1915 821 1947 alios
853 1915 1071 1947 defendemus
1119 1914 1153 1947 Si
1184 1925 1258 1945 vero
1290 1912 1461 1955 eontigerit
1492 1913 1599 1944 averia
1629 1914 1738 1944 nostra
1769 1912 1819 1943 vel

340 1986 509 2018 hominum
536 1988 718 2017 nostrorum
743 1984 808 2016 sive
837 1984 992 2016 heredum
1019 1986 1201 2016 nostrorum
1229 1982 1278 2014 vel
1314 1981 1482 2013 hominum
1509 1992 1638 2013 suorum
1666 1980 1819 2013 terminos

342 2056 500 2087 dictorum
528 2053 653 2086 abbatis
678 2056 709 2085 et
735 2058 911 2085 conventus
936 2053 1002 2085 ullo
1027 2053 1164 2084 termino
1190 2054 1300 2083 eontra
1326 2052 1506 2092 presentem
1530 2054 1651 2081 cartam
1675 2054 1819 2081 nostram

341 2125 461 2155 intrare
495 2149 500 2154 .
536 2122 683 2154 volumus
713 2128 745 2153 et
779 2122 983 2153 concedimus
1014 2127 1048 2152 ut
1081 2121 1209 2162 paeifiee
1233 2124 1265 2152 et
1297 2119 1364 2151 sino
1391 2119 1480 2151 omni
1505 2118 1756 2151 contradictione
1787 2121 1817 2150 et

340 2193 486 2224 molestia
511 2193 727 2234 iuparcentur.
790 2191 885 2225 Quod
917 2191 942 2222 si
974 2202 1053 2222 ausu
1081 2189 1250 2222 temerario
1280 2190 1390 2221 contra
1420 2188 1522 2231 patrie
1554 2187 1818 2220 cousuetudinem

339 2262 627 2303 impare-amentum
657 2260 797 2302 ipsorum
827 2259 1085 2301 prohibuerimus
1112 2259 1292 2301 obligamus
1319 2268 1376 2289 nos
1407 2261 1438 2289 et
1468 2256 1600 2289 heredes
1627 2259 1750 2289 nostros
1777 2258 1817 2289 ad
