1998 2724
1554 159 1617 190 697

180 315 294 355 sponte
316 316 443 356 recepta
465 315 497 346 et
517 313 673 346 haetenus
694 314 824 356 pacifice
847 313 1012 347 observata
1036 340 1041 346 .
1060 317 1165 346 ratam
1186 317 1218 347 et
1242 314 1368 347 firmam
1391 314 1545 347 habentes
1563 341 1568 347 .
1587 327 1658 348 eam

183 383 372 414 auctoritate
388 382 561 424 apostolica
585 383 810 415 confirmamus
828 409 833 414 .
852 386 884 415 et
904 384 1061 426 presentis
1085 384 1192 426 scripti
1214 384 1391 426 patrocinio
1413 385 1656 417 communimus.

183 451 278 483 Nulli
294 462 369 494 ergo
386 451 517 483 omnino
533 451 702 484 hominum
718 452 811 484 liceat
827 452 910 484 hane
925 453 1079 495 paginam
1095 455 1201 485 nostre
1217 453 1466 485 confirmationis
1478 454 1655 496 infringere

182 521 234 552 vel
257 521 286 553 ei
313 531 393 552 ausu
415 520 584 552 temerario
604 521 771 553 contraire.
828 520 936 563 Siquis
957 524 1066 554 autem
1092 521 1151 554 hoc
1177 524 1369 564 attemptare
1393 523 1621 565 presumpserit
1647 549 1653 554 .

182 590 440 632 indignationem
456 589 685 632 omipotentis
702 589 764 622 Dei
787 593 819 622 et
840 590 1008 623 beatorum
1032 590 1139 622 Pmm
1162 594 1193 622 et
1215 590 1325 622 Pium
1349 591 1564 633 apostolorum
1585 593 1657 634 ejus

180 670 212 690 se
228 658 352 690 noverit
368 658 579 690 incursurum.

226 727 350 759 Datum
366 726 529 759 mem
546 739 576 758 x.
598 726 739 760 Kalend.
757 727 927 760 Februarii
944 754 950 760 .
970 728 1182 760 Pontificatus
1198 729 1298 760 nostri
1314 740 1399 761 anno
1414 729 1526 772 tertio}

224 796 258 828 A
273 796 387 828 leaden
403 795 501 827 Bulla
518 796 552 828 of
574 796 629 828 the
645 796 733 838 Pope
748 798 775 829 is
792 798 961 839 appended
976 797 1021 839 by
1037 799 1164 829 strande
1180 798 1214 828 of
1228 798 1344 839 yellow
1356 799 1419 830 and
1436 800 1492 830 red
1509 799 1579 837 silk,
1591 800 1655 831 and

180 877 266 898 sewu
281 877 325 907 up
337 865 372 897 in
388 877 407 897 a
424 865 534 908 casing
550 865 584 897 of
605 865 678 898 thiu
694 866 752 898 kid
767 866 898 899 leather.

225 934 404 973 Endorsed,
427 934 462 966 in
484 945 502 966 a
529 936 772 977 contemporary
796 935 937 967 hand—⁴
951 935 973 968 J
975 935 1102 968 ohanne
1126 937 1165 968 de
1191 935 1391 978 Pergam0’;
1428 936 1656 969 ‘Confirmacio

182 1003 312 1036 ecclesie
327 1004 367 1035 de
383 1003 623 1046 compositionis
642 1005 706 1046 (sic)
726 1005 765 1037 de
781 1004 877 1037 Nova
896 1006 961 1047 (sia)
983 1005 1094 1037 Castro
1110 1006 1144 1037 in
1162 1005 1416 1048 Glammorgan.’

226 1072 268 1104 In
293 1084 312 1104 a
334 1084 413 1114 very
431 1073 496 1104 late
516 1072 658 1105 hand—‘
672 1073 750 1106 Bull
773 1074 807 1106 of
830 1074 919 1116 Pope
938 1074 1085 1107 Olement
1110 1086 1167 1113 nx,
1189 1075 1382 1118 confirming
1402 1075 1457 1107 the
1473 1078 1659 1118 agreement

182 1141 327 1173 between
351 1141 407 1173 the
429 1141 541 1174 Abbot
563 1142 597 1174 of
623 1142 776 1185 Margam
797 1144 861 1175 and
880 1143 936 1176 the
956 1144 1067 1176 Abbot
1087 1144 1121 1176 of
1148 1143 1366 1186 Tewkesbury
1387 1145 1580 1186 eoncerning
1603 1144 1658 1177 the

181 1209 279 1242 tithes
294 1210 328 1242 of
350 1209 580 1243 New-Castle.’

815 1583 1014 1616 DCXLHI.

181 1663 466 1699 QUTT-GLAJM
487 1664 552 1696 BY
569 1664 744 1697 WRONO
763 1664 828 1696 AB
850 1664 1016 1696 SEYSIL
1035 1664 1094 1696 OF
1113 1664 1246 1697 LAND
1267 1664 1322 1697 IN
1340 1665 1655 1698 LLANGEINOR

663 1733 721 1765 TO
754 1733 964 1766 MARGAM
995 1733 1168 1766 ABBEY.

642 1814 773 1858 [HARL.
801 1815 977 1854 CHARTER‚
1003 1817 1044 1848 75
1069 1815 1103 1847 C.
1130 1815 1200 1858 52]
1386 1815 1491 1848 CincA
1516 1817 1609 1848 1270.

224 1895 394 1928 Universis
409 1895 552 1928 Omnsn
568 1897 716 1930 fidelibus
739 1909 869 1940 presens
891 1899 1046 1941 scriptum
1069 1899 1183 1930 visuris
1206 1898 1256 1930 vel
1280 1898 1438 1930 audituris
1461 1898 1599 1931 Wnosu
1614 1899 1655 1931 ab

179 1963 298 1996 SErsn,
325 1964 462 1997 salutem
488 1965 522 1997 in
547 1965 699 1998 Domino.
747 1966 884 1999 Noverit
912 1968 1104 1999 universitas
1131 1970 1235 2000 vestra
1262 1968 1348 2009 quod
1374 1979 1434 2009 ego
1465 1968 1594 2000 consilio
1621 1972 1654 2000 et

178 2044 333 2065 consensu
355 2032 522 2066 KNAlrno
545 2037 577 2067 et
593 2034 732 2068 Wnoxu
748 2035 906 2068 VAHHAN
930 2036 1070 2068 filiorum
1092 2047 1237 2069 meorum
1253 2040 1285 2068 et
1300 2035 1455 2068 heredum
1472 2040 1503 2067 et
1518 2036 1655 2068 aliorum

179 2101 355 2133 amicorum
380 2113 525 2135 meorum
546 2104 684 2136 concessi
710 2107 742 2136 et
767 2105 895 2146 quitum
917 2105 1053 2137 clamavi
1068 2108 1100 2137 et
1118 2104 1178 2137 hac
1199 2105 1341 2147 presenti
1362 2107 1449 2137 carta
1470 2104 1655 2137 confirmavi

178 2169 250 2202 Deo
270 2177 302 2202 et
324 2170 452 2203 ecclesie
472 2170 566 2204 beate
588 2172 711 2205 mum
733 2173 773 2205 de
794 2173 951 2206 JMARGAN
973 2177 1005 2206 et
1027 2174 1192 2207 monachis
1210 2173 1331 2206 ibidem
1354 2173 1424 2205 Deo
1445 2172 1656 2206 servientibus

179 2240 284 2271 totum
300 2239 353 2281 jus
367 2251 478 2272 meum
494 2244 526 2273 et
541 2244 647 2273 totum
659 2242 812 2275 olamium
827 2243 914 2284 quod
925 2242 1025 2275 habui
1039 2243 1074 2275 in
1090 2245 1175 2274 terra
1190 2242 1246 2274 ina
1261 2242 1301 2274 de
1319 2241 1578 2273 EGLESKEYNUR
1594 2252 1655 2283 que

326 2347 382 2372 4N
