1998 2724
1516 173 1578 203 709

814 354 955 387 DGLIL

147 438 296 478 ADAM,
335 438 424 471 SON
458 437 517 470 OF
550 437 690 469 ADAM
728 436 880 469 YSAAG
918 436 1019 475 VOT,
1060 434 1246 468 GRANTS
1285 435 1317 467 A
1355 435 1618 467 TENEMENT

395 507 450 539 IN
487 506 752 539 DINASPOYS
790 506 848 539 ΤΟ
887 505 1005 537 MILO
1044 504 1108 536 DE
1148 504 1379 537 REINGNY.

649 588 752 629 [Anu.
778 588 953 626 CHARTER,
977 586 1125 629 24,254.]
1497 585 1574 618 SD.

191 671 301 703 Sciant
330 677 491 713 presentes
521 673 553 702 et
583 670 687 702 futuri
717 671 803 712 quod
834 681 893 712 ego
932 668 1039 701 ADAM
1069 669 1155 700 filius
1185 669 1262 700 Am:
1289 662 1412 699 vYSAAC
1442 668 1515 700 Vor
1545 669 1619 700 dedi

146 744 178 773 et
202 740 338 772 concessi
361 743 393 772 et
414 740 473 772 hae
495 740 635 782 presenti
652 742 738 771 carta
755 750 824 771 mea
840 738 1027 771 confirmavi
1046 738 1179 770 M1LON1
1203 738 1243 770 de
1262 737 1426 769 REINGNY
1447 740 1509 768 tres
1532 748 1620 769 acras

145 812 228 842 terre
252 812 284 841 et
314 809 482 841 dimidiam
513 819 619 840 acram
650 811 733 840 terre
763 807 893 840 arabilis
923 810 955 839 et
986 818 1085 839 unam
1115 818 1222 838 acram
1251 807 1336 848 prati
1367 817 1439 838 cum
1470 806 1617 839 omnibus

144 878 346 920 pertinentiis
367 878 432 909 suis
447 878 486 909 de
504 877 605 909 libero
629 880 813 909 tenemento
832 888 903 908 meo
927 877 961 908 in
982 876 1076 908 feodo
1097 877 1136 907 de
1152 875 1353 907 DmAspovs.
1402 875 1473 910 Que
1489 876 1619 917 quidem

146 947 287 990 predicte
302 949 366 979 tres
382 958 452 979 acre
468 950 499 978 et
518 946 653 978 dimidia
674 958 746 978 acra
766 948 849 978 terre
870 946 979 988 jacent
1000 945 1059 977 sub
1075 956 1141 977 una
1163 945 1289 977 cultura
1309 945 1396 977 infra
1417 952 1535 976 terrani
1557 956 1619 987 que

145 1019 277 1048 vocatur
314 1015 459 1047 BRETHE
494 1015 701 1057 proximiores
733 1018 817 1047 terra
855 1017 932 1047 tunc
965 1014 1043 1046 Am:
1082 1014 1143 1046 filii
1174 1014 1345 1046 DANIELIS
1377 1014 1477 1046 BERD
1511 1025 1619 1046 versus

144 1085 341 1117 occidentem
358 1087 391 1116 et
406 1087 525 1116 terram
540 1095 645 1116 meam
669 1096 776 1116 versus
798 1084 954 1116 orientem
978 1085 1064 1115 unde
1088 1095 1190 1115 unum
1213 1086 1309 1125 caput
1331 1095 1363 1115 se
1383 1083 1488 1115 tendit
1512 1095 1619 1115 versus

144 1153 298 1186 borialem
320 1165 419 1196 usque
443 1154 485 1185 ad
505 1153 737 1185 FFONYLONDE
761 1156 793 1184 et
816 1153 953 1184 alterum
977 1155 1073 1194 caput
1096 1164 1204 1184 versus
1223 1152 1390 1184 meridiem
1412 1164 1512 1194 usque
1533 1153 1620 1194 apud

145 1222 198 1254 LA
218 1216 344 1254 LAKE'.¹
375 1221 525 1254 Predicta
546 1233 619 1254 acra
639 1225 722 1254 terre
744 1222 828 1263 prati
852 1233 924 1254 cum
946 1221 1154 1264 pertinenciis
1170 1221 1256 1262 jacet
1279 1221 1412 1252 inferior
1435 1224 1526 1262 prato
1549 1233 1619 1253 meo

149 1294 181 1323 et
205 1292 379 1333 proximior
411 1294 496 1323 terra
521 1303 583 1333 que
610 1294 740 1323 vocatur
766 1291 1003 1323 MALTELONDE
1035 1302 1144 1323 versus
1174 1291 1370 1323 occidentem
1402 1291 1488 1322 unde
1518 1302 1621 1322 unum

145 1362 242 1402 caput
264 1360 369 1392 tendit
391 1372 423 1392 se
447 1372 555 1392 versus
574 1360 730 1393 orientem
753 1361 795 1392 ad
819 1362 948 1402 pratum
970 1362 1047 1392 tunc
1071 1359 1241 1393 WALTERI
1268 1360 1307 1392 de
1331 1359 1448 1391 CoGAN
1465 1362 1497 1391 et
1514 1371 1621 1391 versus

146 1430 341 1462 occidentem
364 1430 405 1461 ad
427 1430 568 1471 primum
591 1432 720 1471 pratum
743 1430 829 1471 quod
852 1432 900 1461 est
915 1440 1033 1461 meum.
1080 1428 1236 1461 Tenenda
1251 1431 1284 1461 et
1298 1428 1447 1461 habenda
1467 1429 1507 1460 de
1522 1440 1573 1460 me
1590 1432 1621 1461 et

145 1498 316 1531 heredibus
330 1498 410 1530 meis
424 1498 476 1530 vel
491 1498 662 1541 assignatis
679 1498 759 1530 meis
781 1497 841 1530 sibi
857 1501 889 1530 et
905 1498 1075 1530 heredibus
1098 1498 1163 1530 suis
1180 1499 1230 1530 vel
1245 1498 1417 1540 assignatis
1436 1498 1501 1530 suis
1524 1497 1622 1530 libere

145 1568 252 1610 quiete
281 1567 410 1610 pacifice
438 1567 565 1610 integre
592 1570 624 1599 et
649 1567 721 1609 jure
751 1567 944 1599 hereditario
974 1567 1205 1609 inperpetuum
1229 1567 1264 1598 in
1289 1567 1349 1599 viis
1374 1567 1409 1598 in
1440 1566 1561 1598 semitis
1591 1569 1623 1598 et

144 1636 282 1678 pasturis
297 1637 330 1668 et
345 1635 542 1668 aisiamentis
557 1639 589 1667 et
606 1636 640 1667 in
656 1635 805 1668 omnibus
820 1635 1031 1668 libertatibus.
1080 1635 1260 1668 Reddendo
1276 1635 1351 1667 inde
1369 1635 1538 1667 annuatim
1554 1635 1620 1677 ipse

147 1707 179 1737 et
200 1705 332 1737 heredes
356 1704 405 1736 sui
420 1704 471 1736 vel
494 1704 650 1746 assignati
673 1705 723 1737 sui
749 1704 829 1736 mihi
846 1709 877 1736 et
905 1704 1075 1736 heredibus
1098 1705 1178 1736 meis
1197 1704 1249 1736 vel
1269 1704 1441 1746 assignatis
1468 1704 1547 1735 meis
1567 1715 1622 1736 sex

146 1774 293 1806 denarios
305 1774 432 1816 argenti
447 1774 489 1805 ad
504 1773 623 1805 festum
641 1773 751 1806 Sancti
770 1773 966 1805 Mmmssms
982 1785 1039 1815 pro
1055 1773 1204 1806 omnibus
1223 1773 1362 1805 serviciis
1379 1773 1514 1815 querelis
1530 1773 1622 1804 sectis

146 1843 306 1875 curiarum
337 1842 621 1874 consuetudinibus
655 1845 687 1874 et
719 1842 867 1874 omnibus
903 1842 974 1874 aliis
1007 1842 1201 1874 secularibus
1237 1842 1413 1874 demandis.
1462 1841 1525 1873 Pro
1560 1841 1622 1873 hiis

143 1909 252 1943 autem
281 1911 457 1943 donacione
480 1911 679 1943 concessione
703 1916 734 1943 et
758 1914 842 1943 carte
865 1922 934 1943 mee
960 1911 1203 1943 confirmacione
1227 1911 1389 1953 predictus
1417 1910 1512 1942 MILO
1540 1909 1620 1941 mihi

142 1980 232 2012 dedit
265 1980 481 2023 quadraginta
514 1982 546 2012 et
583 1982 722 2022 quatuor
751 1980 868 2012 solidos
905 1980 1134 2022 sterlingorum
1165 1979 1381 2022 premanibus.
1440 1978 1514 2021 Ego
1544 1989 1618 2010 vero

140 2049 303 2091 predictus
317 2049 424 2080 ADAM
440 2049 525 2080 filius
545 2049 623 2080 ΑΒΕ
640 2048 754 2080 YSAAC
770 2048 843 2081 Vor
859 2053 891 2080 et
913 2048 1045 2081 heredes
1060 2049 1125 2080 mei
1140 2049 1191 2080 vel
1216 2047 1372 2090 assignati
1395 2047 1458 2079 inei
1474 2047 1616 2089 predicto

142 2117 284 2149 MILONY
309 2118 348 2149 de
373 2117 538 2149 REINGNY
562 2120 594 2149 et
620 2117 790 2150 heredibus
812 2118 877 2150 suis
900 2117 951 2150 vel
974 2117 1146 2160 assignatis
1169 2117 1234 2149 suis
1257 2117 1416 2159 predictas
1439 2119 1504 2147 tres
1531 2126 1618 2146 aeras

141 2190 174 2218 et
196 2186 364 2218 dimidiam
392 2197 498 2218 acram
527 2192 609 2218 terre
638 2189 670 2218 et
697 2187 872 2228 predictam
899 2198 1005 2218 acram
1029 2187 1113 2228 prati
1139 2197 1211 2218 cum
1238 2185 1388 2217 omnibus
1413 2184 1618 2226 pertinentiis

141 2255 206 2286 suis
215 2265 271 2297 per
283 2258 384 2286 metas
396 2257 428 2286 et
439 2254 565 2286 bundas
577 2255 658 2286 sicut
670 2255 770 2287 divise
780 2258 858 2287 'sunt
874 2266 930 2297 pro
946 2255 1091 2297 predicto
1106 2255 1236 2286 redditu
1248 2257 1280 2286 et
1292 2253 1468 2286 secundum
1478 2252 1616 2284 formam
