1998 2724
319 169 383 201 524

925 315 1099 348 DXVIII.

272 382 435 415 GRANT
460 382 527 416 BY
547 383 768 416 RIOHARD
795 383 1018 417 LAHELES
1042 383 1102 417 OF
1133 384 1286 417 RENTS
1313 384 1367 417 IN
1393 384 1748 418 LAHELESLOND

752 440 810 473 ΤΟ
849 440 1060 473 MARGAM
1097 440 1273 474 ABBEY.

812 509 985 550 [MARGAM
1009 509 1205 553 Oinarea]
1443 511 1462 542 3
1487 510 1580 543 ΜΑῩ.
1629 511 1723 543 1244.

312 578 484 610 Universis
514 578 655 611 CHRxsri
688 579 836 611 fidelibus
867 590 898 621 p.
928 590 951 611 s.
980 591 1007 611 a.
1035 579 1086 611 vel
1109 591 1138 611 v.
1166 579 1340 611 RwARmzs
1363 579 1526 612 Limnes
1549 580 1687 612 salutem
1709 581 1742 612 in

267 648 407 679 domino.

309 716 447 749 Noverit
470 717 663 749 universitas
678 719 784 748 vestra
806 718 893 758 quod
915 728 976 760 ego
992 728 1148 750 consensu
1170 720 1202 750 et
1226 718 1356 750 consilio
1380 718 1534 750 heredum
1550 730 1696 751 meorum
1711 720 1745 750 et

264 785 402 817 aliorum
414 786 590 818 amicorum
604 797 750 818 meorum
763 786 901 818 concessi
919 789 951 818 et
963 787 1091 829 quitum
1107 787 1243 819 clamavi
1255 790 1288 819 et
1300 787 1359 819 hac
1374 790 1461 819 carta
1473 799 1545 819 mea
1557 788 1743 820 confirmavi

266 854 309 886 D.
335 857 408 887 ete.
435 854 467 887 S.
492 855 539 887 M.
565 856 604 886 de
628 855 676 887 M.
693 867 720 888 e.
744 866 787 887 m.
805 856 825 886 i.
852 855 894 887 D.
921 867 943 888 s.
968 867 1026 898 pro
1050 856 1152 888 salute
1175 856 1282 888 anime
1304 867 1374 888 mee
1397 859 1429 888 et
1452 860 1687 890 antecessorum
1711 860 1742 890 et

264 936 478 957 successorum
501 936 646 957 meorum
661 928 767 957 totum
782 925 948 957 redditum
972 937 1080 958 meum
1103 927 1143 958 de
1166 930 1251 958 terra
1274 927 1313 958 de
1329 926 1607 958 LAHELESLONDA
1623 927 1744 959 seilicet

262 994 431 1026 dimidiam
447 1005 587 1026 marcam
603 994 731 1037 argenti
747 1006 844 1036 quam
861 995 940 1027 dieti
962 995 1112 1028 monachi
1134 995 1279 1027 solebant
1302 996 1435 1028 reddere
1458 996 1556 1027 miehi
1571 997 1741 1028 annuatim

262 1063 343 1094 sicut
367 1064 452 1094 carte
469 1065 702 1095 antecessorum
726 1074 870 1094 meorum
888 1075 967 1105 quas
982 1064 1058 1095 inde
1074 1063 1194 1095 habent
1211 1066 1379 1096 testantur.
1427 1064 1481 1096 Ita
1496 1068 1534 1096 ut
1550 1064 1691 1096 habeant
1707 1068 1740 1097 et

262 1133 395 1163 teneant
411 1132 451 1164 de
466 1143 518 1164 me
534 1134 566 1164 et
587 1131 758 1164 heredibus
774 1132 853 1164 meis
869 1132 988 1165 dictam
1004 1135 1121 1165 terram
1139 1134 1178 1165 de
1194 1132 1471 1165 LAHELESLONDA
1495 1145 1567 1165 cum
1590 1133 1739 1166 omnibus

262 1200 467 1242 pertinentiis
479 1201 544 1232 suis
555 1200 589 1232 in
602 1204 791 1243 perpetuam
807 1201 1014 1234 elemosinam
1030 1202 1128 1234 libere
1144 1204 1177 1233 et
1193 1202 1300 1244 quiete
1316 1204 1349 1234 et
1358 1202 1486 1244 pacifice
1500 1202 1534 1234 in
1546 1205 1738 1245 perpetuum

261 1268 301 1301 ab
317 1270 404 1301 omni
421 1270 551 1302 servitio
565 1296 570 1301 .
585 1271 817 1303 consuetudine
831 1296 837 1302 .
856 1273 889 1303 et
906 1271 1072 1303 exactione
1088 1271 1222 1304 seculari
1238 1271 1319 1303 sicut
1335 1271 1402 1303 ulla
1418 1272 1591 1304 elemosina
1606 1271 1738 1304 liberius

260 1341 291 1369 et
304 1338 444 1380 quietius
456 1338 567 1371 haberi
583 1342 687 1381 potest
700 1340 750 1371 vel
767 1341 880 1372 teneri.
933 1340 1078 1382 Excepto
1094 1340 1153 1372 hoc
1165 1341 1251 1382 quod
1262 1341 1399 1373 reddent
1415 1341 1512 1373 michi
1524 1344 1557 1373 et
1569 1341 1738 1374 heredibus

260 1407 340 1439 meis
355 1408 525 1440 annuatim
548 1420 651 1440 unum
667 1420 725 1451 par
741 1409 913 1441 calcarium
930 1409 979 1441 vel
1003 1413 1067 1442 tres
1090 1410 1236 1441 denarios
1259 1410 1301 1441 ad
1317 1409 1441 1442 Pascha
1457 1410 1496 1441 de
1520 1410 1739 1453 recognitione

261 1476 287 1508 si
310 1481 440 1519 propter
455 1477 591 1509 calcaria
605 1478 795 1510 miserimus.
858 1478 905 1510 Et
921 1489 981 1521 ego
998 1480 1029 1510 et
1044 1478 1176 1511 heredes
1192 1479 1255 1510 mei
1272 1479 1354 1511 hanc
1371 1479 1495 1521 quitam
1512 1478 1737 1511 clamationem

260 1545 354 1577 dictis
377 1546 541 1578 monachis
556 1547 839 1580 warantizabimus
855 1559 911 1580 con
918 1552 968 1580 tra
984 1559 1093 1580 omnes
1116 1547 1262 1579 homines
1276 1547 1310 1579 in
1326 1550 1527 1590 perpetuum.
1575 1547 1621 1579 Et
1637 1548 1736 1580 scien-

261 1615 338 1647 dum
357 1616 442 1657 quod
458 1617 587 1658 quando
604 1617 697 1648 dietis
720 1617 888 1649 monachis
904 1617 965 1650 feei
981 1617 1064 1649 hauc
1081 1617 1205 1659 quitam
1222 1617 1447 1649 clamationem
1465 1618 1624 1649 dederunt
1641 1617 1738 1649 miehi

262 1687 392 1716 centum
416 1686 533 1717 solidos
555 1686 792 1729 sterlingorum.
842 1686 914 1722 Que
938 1690 974 1719 ut
997 1690 1068 1718 rata
1084 1691 1116 1718 et
1139 1686 1263 1718 stabilis
1286 1686 1319 1718 in
1336 1690 1499 1728 posterum
1523 1689 1709 1729 permaneat
1731 1712 1737 1718 .

259 1756 439 1795 presentem
463 1755 618 1796 paginam
642 1755 742 1798 sigilli
765 1756 827 1788 mei
851 1756 1058 1798 impressione
1084 1755 1278 1787 confirmavi.
1337 1755 1439 1788 Facta
1462 1758 1572 1787 autem
1596 1755 1658 1787 fuit
1682 1755 1740 1788 heo

259 1823 351 1864 quita
367 1823 518 1855 clamatio
534 1835 619 1856 anno
636 1825 740 1867 gratie
756 1830 802 1856 ΜΟ·
821 1830 874 1857 00⁰·
893 1825 1139 1867 quadragesimo
1156 1827 1270 1867 quarto
1287 1851 1292 1856 .
1308 1825 1390 1856 eirea
1405 1824 1525 1856 festum
1541 1824 1737 1857 inventionis

259 1894 367 1923 sancte
391 1893 500 1924 crucis.
549 1892 625 1925 Hiis
649 1893 785 1925 testibus
810 1920 816 1925 .
841 1893 984 1926 Domino
1008 1894 1126 1926 Dum
1150 1893 1295 1925 BARoxl‘:
1319 1894 1358 1925 de
1382 1893 1456 1925 NAS
1482 1919 1488 1924 .
1514 1893 1676 1925 ROBERTO
1699 1894 1739 1926 de

260 1960 418 1993 Omma
452 1987 458 1993 .
488 1961 665 1994 merssno
696 1962 817 1995 Imvrzi.
847 1988 852 1994 .
883 1962 1024 1995 Roeizno
1053 1962 1198 1994 GRAMUS
1227 1988 1232 1994 .
1260 1961 1457 1994 Wummmo
1480 1963 1520 1994 de
1543 1963 1705 1994 CORNELY
1729 1988 1736 1995 .

259 2028 400 2061 M1120NE
417 2030 457 2061 de
473 2029 617 2062 Pssnvm*
635 2056 641 2062 .
660 2030 856 2064 W1111113LM0
872 2030 963 2063 001,ss
981 2059 987 2063 .
1006 2034 1036 2063 et
1053 2031 1165 2063 multis
1181 2031 1261 2063 aliis.

304 2098 387 2137 Seal,
405 2110 503 2141 green
520 2110 600 2137 wax,
622 2099 706 2140 legin.
723 2100 820 2132 diam.
869 2100 901 2132 A
916 2100 983 2132 lion
999 2102 1159 2142 rampant,
1177 2111 1280 2142 queue
1296 2100 1455 2139 fourohee‚
1472 2100 1584 2142 faoing
1596 2099 1736 2132 sinister-

259 2167 373 2198 wnrcls.

304 2235 493 2278 Legeud—‘
513 2242 544 2273 4-
566 2248 729 2269 smninum
747 2263 753 2270 .
773 2249 909 2270 memmi
930 2264 935 2270 .
956 2237 1103 2270 LAELEs.'

304 2305 527 2337 Εῐιᾱοιέθᾶ-ι
543 2306 640 2338 Carta
657 2306 789 2339 Ricardi
805 2306 966 2339 Laholes.’
