1998 2724
1508 171 1571 202 569

142 334 269 374 patrum
287 355 293 362 .
311 331 350 362 de
376 329 602 362 CLARAVALLE
622 354 627 360 .
645 329 685 361 de
710 328 831 361 GARno
848 354 854 360 .
872 329 912 361 de
937 328 1135 361 Bumzvsus
1153 353 1159 360 .
1177 328 1217 360 de
1242 327 1477 360 Kmessswons
1496 353 1501 358 .
1520 329 1552 359 et
1578 327 1618 359 de

140 399 294 432 MARGAN
319 398 471 431 abbatum
495 398 611 440 sigillis
634 398 799 440 signatum
822 397 857 430 in
882 397 940 430 hec
964 397 1061 430 verba
1086 423 1092 428 .
1118 396 1277 429 Omnibus
1299 396 1358 428 hec
1380 396 1495 428 visuris
1518 396 1618 428 frater

141 469 345 502 STEPHANUS
361 470 432 507 etc.,
448 478 481 498 as
499 469 529 498 in
547 469 595 498 tlte
607 469 769 507 precediny
786 469 941 498 document
957 469 1041 498 down
1058 470 1087 498 to
1104 466 1380 498 confirmacionem
1399 492 1404 497 .
1423 465 1548 497 Valete.

184 537 226 570 In
242 537 338 579 hujus
354 537 457 579 igitur
473 536 682 578 inspeccionis
704 536 926 568 testimonium
943 561 949 567 .
967 536 1009 568 ad
1024 536 1213 578 petitionem
1230 535 1355 568 abbatis
1373 560 1378 566 .
1396 537 1428 566 et
1444 536 1620 567 conventus

140 607 201 639 loci
216 605 432 648 prenominati
450 632 455 637 .
474 605 593 638 scilicet
611 631 617 636 .
635 605 674 637 de
691 604 796 637 ΝΕΗΤ
812 605 952 648 presenti
968 605 1084 647 scripto
1102 608 1211 637 nostra
1227 604 1334 647 sigilla
1349 604 1564 647 apposuimus.

186 675 275 708 Seals
290 675 446 717 wanting.

184 744 354 776 Endorsed
369 743 404 776 in
420 755 439 775 a
461 743 526 776 late
541 743 817 786 handwriting—⁴
830 742 1029 786 Composicio
1044 743 1129 775 inter
1145 743 1236 776 Neth
1252 746 1284 775 et
1300 742 1462 785 Mergum?

806 907 956 939 DXLII.

145 989 309 1023 GRANT
339 989 405 1022 BY
436 988 659 1022 WILLIAM
694 989 759 1021 DE
796 989 962 1021 REGNY
994 989 1051 1021 ΤΟ
1083 989 1206 1022 JOAN
1243 989 1308 1021 LA
1346 988 1623 1021 BOTILLERE

477 1058 536 1090 OF
567 1058 667 1091 THE
697 1057 870 1091 MANOR
901 1058 960 1090 OF
991 1058 1291 1091 BAGGEBERE.

594 1139 726 1183 [HARL.
752 1140 928 1180 Ommrnn,
954 1141 994 1171 55
1019 1140 1060 1173 Β.
1078 1140 1148 1183 42]
1220 1140 1325 1172 Ouum
1351 1141 1578 1172 1250—1260.

189 1222 315 1254 Notum
341 1222 383 1254 sit
407 1221 555 1254 omnibus
582 1223 623 1254 ad
648 1233 727 1264 quos
751 1233 890 1264 praesens
917 1222 1071 1264 scriptum
1095 1223 1277 1264 pervenerit
1301 1223 1387 1264 quod
1408 1222 1628 1254 WILLELMUS

146 1292 186 1323 de
216 1291 342 1323 REGNY
372 1291 462 1323 dedit
492 1291 645 1323 concessit
675 1294 707 1323 et
736 1291 795 1323 hoc
825 1291 965 1333 presenti
1001 1292 1118 1334 scripto
1156 1292 1357 1324 confirmavit
1394 1292 1561 1324 JOHANNE
1593 1292 1626 1323 la

146 1360 343 1392 Bormam:
365 1372 423 1403 pro
442 1360 573 1392 servicio
595 1371 652 1392 suo
676 1363 780 1392 totum
804 1361 984 1393 manerium
1014 1362 1053 1392 de
1084 1361 1298 1393 BAGGEBERE
1322 1372 1394 1393 cum
1417 1361 1627 1393 advocacicne

146 1430 284 1462 ecclesiae
305 1429 439 1472 predicti
461 1429 596 1461 manerii
618 1429 778 1472 homagiis
808 1429 1018 1462 fidelitatibus
1048 1430 1176 1462 villanis
1207 1441 1280 1462 cum
1303 1441 1413 1462 eorum
1437 1430 1572 1472 sequelis
1595 1432 1627 1462 et

148 1498 270 1530 catallis
296 1498 473 1530 redditibus
497 1498 636 1531 serviciis
666 1499 758 1531 sectis
789 1499 949 1531 curiarum
978 1500 1104 1531 releviis
1131 1499 1260 1531 auxiliis
1287 1500 1418 1541 guardis
1448 1500 1628 1542 maritagiis

147 1567 284 1600 excaetis
307 1570 339 1599 et
361 1567 553 1600 omnimodis
575 1567 669 1600 rebus
691 1570 724 1600 et
745 1568 959 1610 pertinenciis.
1008 1568 1199 1601 Tenendum
1222 1572 1254 1600 et
1276 1569 1461 1601 habendum
1485 1570 1626 1611 predicte

147 1636 314 1669 JOHANNE
351 1638 384 1668 et
420 1636 590 1668 heredibus
627 1637 692 1669 suis
726 1638 766 1669 de
803 1649 897 1669 carne
935 1649 992 1670 sua
1030 1638 1175 1680 legitime
1213 1638 1381 1680 procurtis1
1407 1639 1447 1670 de
1482 1638 1624 1680 predicto

146 1705 343 1738 WILLELMO
359 1708 391 1737 et
405 1705 575 1738 heredibus
590 1706 655 1738 suis
670 1705 768 1738 libere
785 1706 892 1749 quiete
915 1706 1041 1749 integre
1064 1706 1145 1738 bene
1168 1710 1200 1738 et
1226 1707 1260 1739 in
1284 1718 1361 1750 pace
1384 1707 1620 1750 inperpetuum.

145 1775 187 1807 In
207 1775 267 1806 viis
288 1775 322 1806 in
345 1774 467 1806 semitis
487 1775 521 1806 in
544 1775 644 1818 pratis
665 1778 698 1807 et
727 1776 865 1818 pasturis
892 1776 927 1807 in
951 1776 1048 1808 moris
1072 1778 1104 1808 et
1124 1776 1266 1808 mariscis
1286 1777 1320 1808 in
1342 1776 1443 1809 boscis
1469 1777 1503 1808 in
1531 1777 1623 1819 aquis

143 1844 178 1875 in
204 1843 346 1885 piscariis
376 1843 411 1875 in
435 1844 579 1876 marleris
605 1846 638 1876 et
663 1844 698 1876 in
725 1844 874 1877 omnibus
898 1844 1100 1876 libertatibus
1127 1848 1158 1876 et
1188 1845 1296 1877 liberis
1326 1845 1619 1878 consuetudinibus.

143 1912 322 1945 Reddendo
359 1912 434 1944 inde
471 1913 641 1944 annuatim
677 1914 762 1945 dicto
793 1913 989 1947 WrLLELMo
1022 1914 1178 1956 quamdiu
1212 1915 1328 1946 vixerit
1356 1915 1493 1957 triginta
1523 1915 1620 1947 libras

140 1981 368 2024 sterlingorum
390 1982 431 2013 ad
453 1982 533 2014 duos
552 1982 629 2014 anni
649 1983 802 2015 terminos
824 1983 971 2015 videlicet
991 1984 1031 2015 ad
1050 1983 1169 2015 festum
1185 1984 1295 2016 Sancti
1311 1983 1508 2016 anfflms
1524 1985 1616 2027 quin-

141 2050 244 2082 decim
267 2049 364 2082 libras
386 2052 419 2082 et
441 2051 483 2082 ad
504 2050 628 2082 Pascha
646 2052 790 2094 proxime
813 2063 948 2094 sequens
971 2053 1153 2095 quindecim
1175 2053 1281 2092 libras,
1306 2056 1338 2085 et
1360 2056 1432 2096 post
1455 2054 1618 2085 decessum

140 2119 218 2151 dicti
249 2118 437 2151 WxLLELMI
476 2119 646 2152 heredibus
683 2121 749 2153 suis
786 2122 955 2153 annuatim
993 2133 1095 2154 unum
1126 2122 1293 2154 denarium
1331 2123 1373 2154 ad
1410 2122 1533 2154 Pascha
1559 2135 1617 2165 pro

140 2187 288 2220 omnibus
325 2188 464 2220 serviciis
501 2189 695 2221 secularibus
733 2190 825 2223 sectis
866 2191 1025 2223 curiarum
1070 2192 1207 2233 querelis
1251 2191 1379 2224 auxiliis
1417 2193 1617 2224 consuetudi-

138 2256 234 2289 nibus
261 2258 292 2288 et
323 2257 490 2289 demandis
520 2258 616 2290 salvis
646 2259 786 2291 serviciis
816 2259 1006 2302 capitalibus
1037 2260 1176 2292 dominis
1207 2261 1247 2292 de
1277 2261 1387 2292 eodem
1419 2260 1512 2293 feodo
1543 2261 1619 2294 inde

293 2363 357 2389 3w
