1998 2724
1517 168 1578 199 241

179 337 307 370 Notum
330 336 387 368 fiat
410 334 499 368 vobis
522 334 609 376 quod
631 336 750 366 terram
773 333 813 365 de
845 331 1096 364 BLAKESCERRA
1114 355 1120 361 .
1139 329 1225 361 unde
1242 326 1460 360 controversia
1475 328 1523 358 est
1545 326 1630 358 inter

139 407 290 440 abbatem
306 407 346 438 de
369 405 525 437 MARGAN
549 406 582 435 et
606 402 793 434 RicARDUM
816 402 855 433 de
880 400 1018 432 KARDIF
1042 398 1162 432 donavi
1185 398 1219 430 in
1242 408 1358 440 puram
1374 396 1581 428 elemosinam
1598 398 1630 427 et

141 482 332 520 perpetuam
346 476 389 508 D.
407 477 440 507 et
455 473 496 506 B.
521 473 569 506 M.
594 475 626 505 et
653 471 817 504 monachis
842 472 881 503 de
898 470 1051 503 MARGAN
1071 494 1078 502 .
1094 469 1193 501 libere
1218 470 1249 500 et
1276 466 1383 510 quiete
1412 492 1418 498 .
1447 466 1515 498 sine
1543 465 1631 497 omni

143 545 278 580 seculari
293 545 459 577 exactione
476 569 481 575 .
500 543 535 575 in
550 541 755 575 excambium
779 543 862 573 terre
886 552 941 573 sue
965 541 1005 572 de
1029 539 1128 571 Novo
1152 538 1274 570 Bmmo
1303 562 1309 568 .
1341 535 1452 568 multis
1481 535 1573 567 annis
1600 537 1632 566 et

142 615 291 659 plurimis
324 613 437 646 diebus
471 614 646 655 antequam
683 611 856 643 RmARnus
887 610 926 642 de
959 609 1101 641 KARmF
1136 607 1237 640 ullam
1275 609 1394 638 terram
1433 604 1566 637 haberet
1597 604 1631 635 in

140 684 291 719 WALLIA
313 696 370 726 per
392 695 454 716 me.
500 682 546 715 Et
568 682 640 715 ideo
665 681 839 713 warantizo
856 680 984 712 abbatie
1000 680 1040 712 de
1060 678 1215 711 MARGAN
1232 676 1441 709 donationem
1468 686 1568 718 quam
1589 675 1634 706 eis

141 754 205 787 feci
223 779 230 786 .
248 754 403 786 Rmfflno
419 755 528 785 autem
544 753 583 784 de
599 751 740 783 KARDIF
757 750 859 782 nichil
875 749 950 781 dedi
966 749 1029 781 nisi
1046 748 1106 780 hoo
1122 748 1209 790 quod
1224 746 1270 778 ibi
1285 748 1364 778 tunc
1379 744 1488 777 habui.

184 822 335 856 Testibus
359 848 365 854 .
391 821 537 854 HAW1SA
579 820 740 853 comitissa
782 819 991 851 Gtocsssrnm
1034 844 1039 849 .
1081 817 1237 860 magistro
1267 814 1425 848 SAMsoNE
1467 839 1472 845 .
1515 813 1633 845 DAVID

143 893 320 936 capellano.

192 950 237 978 (1).
256 949 341 971 Novus
354 948 452 977 Burgus
465 948 521 970 here
534 947 553 969 is
565 946 685 976 probably
698 946 812 974 Newton,
822 944 909 966 within
922 943 1001 965 which
1014 943 1100 965 Parish
1113 943 1131 964 is
1144 941 1308 964 Blakcecerre.
1340 940 1392 962 The
1404 940 1491 962 Mamor
1508 938 1626 967 belonged

154 994 180 1015 tc
192 992 233 1014 the
245 991 387 1019 Sandfords.
400 991 449 1013 and
462 990 549 1019 passed
561 989 621 1012 with
634 989 697 1011 their
709 988 800 1011 lxeii-ess
813 991 838 1010 to
851 988 892 1010 tho
904 988 933 1010 de
946 986 1059 1009 Cardiffs.

779 1080 1006 1114 OOXXXVI.

150 1166 314 1200 GRANT
340 1166 405 1199 BY
433 1164 737 1198 GILEBERTUS
764 1158 829 1195 DE
859 1161 1123 1195 OOSTENTIN
1146 1160 1203 1193 TO
1228 1159 1289 1192 ST.
1319 1157 1638 1192 AUGUSTINE'S

257 1235 433 1275 ABBEY,
464 1234 676 1274 BRISTOL,
701 1234 760 1266 OF
784 1233 1007 1266 PASTURE
1032 1230 1269 1264 BETWEEN
1294 1229 1394 1261 THE
1418 1228 1512 1260 ΤΑΕ
1536 1227 1637 1260 ΑΝΙ)

259 1306 359 1339 THE
382 1305 524 1338 ELAY.

696 1360 871 1404 [MARGAM
896 1357 1091 1401 CHARTER]
1515 1355 1592 1388 SD.

190 1445 301 1478 Sciant
316 1456 347 1487 p.
365 1448 398 1476 et
413 1444 436 1476 f.
455 1444 541 1486 quod
557 1455 618 1486 ego
635 1443 855 1476 Gitmfflnrns
880 1443 920 1474 de
937 1441 1127 1474 CoerNTm
1145 1452 1202 1482 pro
1233 1439 1336 1471 salute
1368 1439 1475 1470 anime
1502 1450 1571 1470 mee
1602 1441 1635 1470 et

145 1515 256 1546 uxoris
270 1525 341 1546 mee
357 1538 364 1544 .
382 1514 482 1556 patris
497 1513 562 1545 mei
585 1515 617 1545 et
640 1512 752 1544 matris
775 1523 845 1543 mee
870 1537 876 1543 .
902 1514 935 1543 et
959 1510 1104 1542 omnium
1121 1511 1357 1541 antecessorum
1373 1512 1405 1540 et
1421 1518 1635 1540 successorum

144 1595 290 1616 meorum
313 1583 388 1616 dedi
411 1586 442 1615 et
466 1582 605 1615 concessi
627 1584 660 1614 et
682 1582 742 1614 hac
765 1581 907 1623 presenti
931 1583 1018 1612 carta
1034 1590 1105 1611 inea
1127 1578 1314 1611 confirmavi
1338 1577 1408 1610 Deo
1439 1579 1472 1609 et
1506 1577 1634 1609 ecclesie

144 1653 256 1686 Sancti
272 1652 468 1685 AUGUSTINI
485 1653 524 1684 de
541 1651 718 1684 BmsrotL’
737 1654 770 1684 et
786 1650 946 1683 canonicis
961 1649 1165 1692 reguiaribus
1182 1647 1303 1680 ibidem
1327 1646 1397 1679 Deo
1421 1646 1633 1679 servientibus

148 1723 184 1755 in
200 1723 335 1756 liberam
351 1734 466 1765 puram
482 1724 515 1754 et
531 1724 719 1764 perpetuam
735 1721 944 1753 elemosinam
966 1722 1068 1752 totam
1094 1721 1258 1761 pasturam
1282 1729 1389 1749 meam
1413 1728 1475 1759 que
1498 1717 1584 1759 jacet
1600 1716 1634 1748 in

150 1792 285 1824 marisco
301 1792 386 1824 inter
401 1790 473 1823 ΤΑΕ
497 1794 530 1823 et
553 1790 650 1822 ELAY
668 1816 675 1822 .
693 1791 779 1822 intra
803 1790 960 1821 fossatum
983 1791 1016 1820 et
1039 1790 1130 1819 extra
1148 1813 1154 1819 .
1174 1798 1247 1819 cum
1264 1787 1414 1819 omnibus
1429 1786 1636 1829 pertinenciis

153 1861 218 1893 suis
240 1861 415 1892 tenendam
438 1863 470 1892 et
493 1859 675 1892 habendam
699 1859 759 1891 sibi
779 1859 1019 1901 imperpetuum
1035 1857 1075 1888 de
1092 1868 1142 1888 me
1159 1858 1191 1888 et
1206 1855 1379 1888 heredibus
1395 1856 1473 1888 meis
1488 1854 1587 1887 libere
1603 1857 1636 1886 et

150 1928 259 1970 quiete
277 1953 283 1959 .
300 1928 427 1970 integre
450 1930 483 1960 et
505 1928 635 1970 pacifice
658 1929 793 1960 inmune
817 1928 858 1959 ab
881 1927 970 1959 omni
993 1926 1125 1958 servicio
1148 1927 1181 1957 et
1203 1925 1364 1956 demanda
1390 1924 1533 1956 seculari.
1581 1923 1635 1955 Ita

152 1998 238 2040 quod
253 2009 312 2030 nec
326 1997 424 2029 michi
436 2009 494 2030 nec
510 1997 681 2030 heredibus
694 1998 774 2030 meis
790 2009 847 2030 nec
864 1997 961 2029 alicui
974 1996 1144 2028 hominum
1160 1995 1193 2026 in
1210 1994 1318 2036 aliquo
1331 1994 1407 2025 inde
1419 1993 1635 2035 respondeant

149 2066 213 2098 m'si
228 2065 288 2098 soli
304 2065 374 2098 Deo
390 2066 424 2097 in
441 2066 648 2099 orationibus.
698 2067 762 2099 Pro
777 2067 838 2098 hac
854 2069 963 2098 autem
984 2064 1160 2097 donacione
1178 2089 1184 2095 .
1202 2066 1233 2095 et
1250 2063 1450 2095 concessione
1474 2062 1633 2093 dederunt

146 2135 245 2168 michi
261 2135 397 2177 predicti
413 2136 557 2167 canonici
574 2147 678 2168 unum
699 2137 903 2178 mesuagium
919 2147 993 2167 cum
1008 2133 1215 2177 pertinenciis
1238 2132 1302 2165 suis
1326 2132 1413 2174 apud
1437 2130 1628 2163 Bms'romss

148 2203 224 2247 Ego
239 2216 313 2237 vero
330 2208 361 2237 et
377 2205 509 2238 heredes
526 2205 590 2237 mei
606 2205 785 2248 predictam
801 2208 965 2247 pasturam
981 2215 1054 2236 cum
1070 2202 1277 2245 pertinenciis
1289 2201 1354 2233 suis
1366 2200 1460 2233 dictis
1472 2199 1632 2232 canonicis

154 2274 435 2306 warantizabimus
451 2277 562 2307 eontra
585 2286 695 2307 omnes
710 2274 856 2307 homines
879 2277 911 2306 et
935 2273 1082 2305 feminas.
1130 2272 1173 2304 Et
1198 2272 1274 2314 quia
1296 2271 1368 2303 volo
1385 2270 1471 2312 quod
1488 2269 1547 2302 hec
1562 2280 1634 2301 mea

306 2381 359 2408 21⁴*
