1998 2724
155 316 274 349 festum
290 318 337 347 est
353 314 502 348 omnibus
517 315 573 356 qui
588 316 672 346 recte
688 313 818 356 sapiunt
836 312 1133 355 interpretationem
1156 311 1343 354 hujusmodi
1363 322 1544 354 perversam
1565 322 1630 343 esse

156 387 188 418 et
203 384 383 417 intellectui
397 395 475 416 sano
491 382 691 415 contrariam.
725 381 807 414 Cum
824 382 999 414 secundum
1016 381 1192 424 capitulum
1207 380 1291 412 illud
1306 392 1325 412 a
1340 380 1498 412 solutione
1513 380 1630 412 decim-

158 465 251 487 arum
266 456 334 485 tam
349 454 389 485 de
405 453 498 485 terris
512 452 577 484 illis
592 463 671 495 quas
687 452 891 483 deduxerunt
907 451 958 483 vel
974 451 1137 483 deducunt
1150 451 1191 482 ad
1208 450 1330 482 cultum
1349 476 1354 482 .
1373 461 1470 492 quam
1486 450 1526 481 de
1541 450 1634 482 terris

159 524 257 556 etiam
273 523 367 556 cultis
382 534 462 565 quas
477 521 614 564 propriis
629 520 779 553 manibus
801 520 853 553 vel
876 519 1056 562 sumptibus
1075 519 1226 552 excolunt
1248 518 1341 551 liberi
1364 519 1430 551 sint
1451 518 1580 562 penitus
1603 522 1634 551 et

160 592 320 625 immunes
338 618 344 624 .
361 604 402 625 ne
418 592 504 624 ullus
523 594 634 623 contra
657 601 710 623 eos
732 590 900 622 materiam
924 589 1041 622 habeat
1063 589 1267 631 malignandi
1285 616 1290 620 .
1309 589 1512 621 universitati
1534 591 1636 621 vestre

161 673 218 704 per
245 661 418 704 apostolica
444 660 562 702 scripta
587 659 792 703 precipiendo
818 659 1010 691 mandamus
1034 686 1040 690 .
1068 659 1220 701 quatinus
1247 658 1395 691 omnibus
1421 657 1639 701 parrochianis

159 730 273 763 vestris
296 730 486 762 auctoritate
513 729 684 772 apostolice
712 728 879 771 prohibere
908 728 1024 760 curetis
1050 754 1055 760 .
1080 739 1121 760 ne
1151 740 1170 759 a
1200 728 1384 760 memoratis
1413 727 1569 760 tratribus
1599 728 1639 760 de

163 799 336 832 novalibus
350 799 402 832 vel
417 800 457 831 de
473 799 545 831 aliis
559 798 652 830 terris
667 809 747 840 quas
762 798 900 840 propriis
915 797 1064 830 manibus
1080 797 1131 829 vel
1148 796 1328 839 sumptibus
1344 797 1496 829 excolunt
1509 823 1514 828 .
1529 808 1585 829 seu
1600 797 1640 828 de

163 868 371 901 nutrimentis
393 868 583 900 animalium
606 867 769 899 ullatenus
792 867 931 899 decimas
953 869 1140 909 presumant
1168 866 1296 909 exigere
1324 866 1375 898 vel
1403 865 1642 908 quomodolibet

164 939 362 980 extorquere.
397 937 484 972 Quia
498 948 573 969 vero
589 948 655 969 non
671 938 720 968 est
735 936 928 968 conveniens
943 936 994 968 vel
1010 935 1180 968 honestum
1197 938 1234 968 ut
1249 939 1360 967 contra
1375 935 1458 968 sedis
1473 935 1643 978 apostolice

166 1006 388 1049 indulgentias
410 1009 530 1038 temere
557 1006 705 1038 veniatur
730 1033 735 1038 .
761 1017 824 1048 que
857 1005 1001 1037 obtinere
1034 1005 1153 1038 debent
1180 1005 1399 1038 inviolabilem
1425 1005 1612 1037 firmitatem
1637 1031 1643 1036 .

164 1076 356 1108 mandamus
378 1075 468 1108 vobis
489 1075 688 1117 firmiterque
712 1075 905 1117 precipimus
923 1101 928 1106 .
946 1077 983 1106 ut
1007 1074 1031 1106 si
1057 1074 1111 1116 qui
1139 1074 1288 1106 monachi
1306 1101 1311 1106 .
1330 1074 1474 1107 canonici
1491 1100 1497 1106 .
1516 1074 1621 1106 clerici
1639 1100 1644 1106 .

164 1145 216 1178 vel
238 1145 312 1178 laici
335 1147 446 1177 contra
469 1144 640 1188 privilegia
664 1144 747 1177 sedis
775 1144 946 1187 apostolice
972 1146 1164 1176 memoratos
1188 1143 1303 1176 fratres
1330 1155 1424 1186 super
1451 1143 1647 1176 decimarum

166 1214 332 1246 exactione
367 1213 578 1257 gravaverint
615 1240 620 1246 .
658 1213 755 1246 laicos
790 1212 1130 1246 excommimicationis
1166 1212 1358 1244 sententiam
1393 1212 1601 1255 percellentes
1638 1239 1643 1244 .

166 1283 338 1316 monachos
363 1309 369 1315 .
394 1283 562 1315 canonicos
586 1309 593 1315 .
618 1283 684 1315 sive
706 1282 834 1315 clericos
855 1281 1106 1315 contradictione
1131 1307 1136 1312 .
1162 1281 1317 1313 dilatione
1343 1307 1348 1313 .
1374 1283 1407 1313 et
1429 1281 1646 1324 appellatione

167 1354 309 1384 cessante
339 1351 381 1385 ab
412 1352 515 1384 officio
550 1352 752 1395 suspendatis
784 1378 789 1384 .
823 1354 890 1384 tam
924 1351 1263 1384 excommunicationis
1298 1362 1395 1393 quam
1432 1351 1646 1393 suspensionis

164 1421 358 1454 sententiam
380 1421 507 1454 faciatis
529 1433 630 1464 usque
652 1422 695 1454 ad
717 1421 851 1465 dignam
875 1420 1110 1453 satisfacionem
1133 1419 1362 1452 inviolabiliter
1385 1420 1544 1452 observari
1569 1446 1575 1453 .
1601 1421 1643 1453 ad

163 1490 222 1523 hec
245 1502 302 1533 pre
326 1517 436 1523 .....
462 1491 653 1523 auctoritate
680 1490 886 1533 precipiendo
914 1490 1105 1522 mandamus
1130 1515 1135 1521 .
1161 1489 1314 1531 quatinus
1330 1489 1355 1521 si
1377 1489 1449 1532 quis
1471 1490 1646 1522 eorundem

166 1560 450 1602 parrochianorum
470 1562 649 1592 vestrorum
671 1560 706 1592 in
730 1559 906 1602 sepedictos
928 1559 1043 1591 fratres
1063 1558 1220 1591 violentas
1236 1570 1351 1591 manus
1367 1557 1552 1601 inje[cerit]
1571 1570 1645 1591 eum

166 1629 304 1661 accensis
326 1629 469 1661 candelis
491 1629 804 1662 excommunicatum
827 1629 954 1671 publice
977 1628 1134 1661 nuntietis
1158 1654 1164 1660 .
1190 1631 1219 1660 et
1244 1632 1402 1670 tanquam
1426 1627 1643 1661 excommuni-

168 1700 275 1730 catum
305 1698 431 1731 faciatis
461 1697 502 1730 ab
533 1698 682 1730 omnibus
711 1698 836 1730 cautius
866 1697 980 1730 evitari
1004 1723 1010 1730 .
1038 1698 1138 1729 donec
1168 1697 1288 1729 eisdem
1319 1696 1475 1729 iratribus
1505 1708 1645 1740 congrue

168 1766 344 1799 satisfaciat
357 1793 362 1799 .
377 1769 409 1799 et
425 1778 497 1799 cum
512 1767 629 1799 litteris
641 1767 801 1800 diocesani
817 1767 956 1810 episcopi
970 1767 1017 1799 rei
1033 1766 1202 1798 veritatem
1219 1765 1457 1798 continentibus
1473 1766 1644 1808 apostolico

165 1846 198 1867 se
214 1835 396 1878 conspectui
411 1838 617 1878 representet.

210 1903 334 1936 Datum
349 1904 515 1936 ANAGNIE
537 1931 543 1936 .
560 1915 621 1936 ΧΗ.
638 1904 779 1937 Kalend.
797 1904 993 1937 Decembris.
1041 1904 1253 1936 Pontificatus
1262 1904 1364 1936 nostri
1376 1915 1461 1936 anno
1477 1907 1574 1936 sexto.

212 1972 343 2005 Leaden
360 1972 451 2005 bulla
466 1973 500 2005 of
515 1973 675 2006 Innocent
691 1973 760 2006 III.
778 1974 947 2016 appended
962 1973 1008 2016 by
1023 1974 1150 2005 strands
1166 1973 1200 2006 of
1214 1973 1331 2014 yellow
1347 1973 1413 2005 and
1427 1974 1485 2005 red
1500 1973 1571 2005 silk.

212 2041 436 2074 Endorsed—‘
447 2041 657 2075 Innocentius
677 2042 769 2075 111⁰&
819 2042 870 2075 De
893 2042 1024 2075 decimis
1044 2054 1109 2075 non
1135 2043 1250 2074 dandis
1273 2043 1313 2075 de
1333 2042 1503 2075 novalibus
1524 2068 1530 2075 .
1553 2045 1584 2075 et
1605 2044 1645 2075 de

167 2111 261 2143 terris
283 2122 362 2152 quas
385 2111 522 2153 propriis
548 2111 698 2144 manibus
723 2138 728 2144 .
754 2114 810 2144 aut
838 2112 1020 2155 sumptibus
1047 2111 1241 2144 excolimus?
1288 2111 1330 2143 In
1359 2122 1378 2143 a
1404 2111 1487 2143 later
1514 2111 1646 2144 hand—

162 2182 175 2196 ⁴
190 2178 409 2212 Innocentius.
456 2179 597 2223 Morgan
613 2179 680 2212 free
696 2180 781 2213 from
796 2180 900 2213 tithess

619 2249 741 2291 (Birch,
759 2251 903 2290 Marsyam
919 2251 1036 2290 Abboy,
1056 2261 1086 2292 p.
1107 2250 1192 2290 171.)

322 2355 375 2380 2L
