1998 2724
1532 145 1594 175 669

810 301 993 335 DCXXII.

161 385 448 423 QUIT-CLAIM
485 384 552 418 BY
597 384 817 417 RIOHARD
854 383 919 416 DE
964 383 1252 422 BONEVILLE,
1293 382 1352 415 OF
1387 383 1486 416 THE
1525 383 1638 416 TEM-

269 454 431 488 PLARS’
470 453 603 487 LAND
650 453 704 486 IN
751 452 1150 486 BONEVILESTONE
1189 452 1292 492 FEE,
1332 452 1390 485 ΤΟ
1429 452 1639 485 MARGAM

269 523 441 557 ABBEY.

702 566 877 609 [MARGAM
901 565 1096 608 camma]
1502 566 1593 597 1262.

159 650 273 683 Cum
298 661 339 682 ET
363 660 465 684 QUITA
489 658 654 680 CLAMAcm
688 647 835 679 Rmmzm
867 658 910 679 DE
935 647 1137 679 BONEVILLE
1158 658 1200 678 nn
1225 657 1336 679 TERRA
1359 645 1639 678 TEMPLARIORUM

734 728 774 749 ΕΤ
797 728 948 749 OMNIBUS
971 727 1069 749 AL11s.

203 789 373 821 Universis
389 787 436 820 ch.
454 788 478 820 f.
495 799 527 830 p.
545 789 577 819 et
592 787 616 819 f.
634 798 662 819 a.
680 798 710 829 q.
727 798 758 829 p.
776 797 798 818 s.
817 786 998 829 pervenerit
1013 786 1189 818 Rmmms
1201 786 1241 818 de
1254 785 1455 818 BoNEva
1472 785 1641 828 burgensis

158 859 198 891 de
214 858 319 891 NETH
335 860 477 890 eternam
494 857 529 889 in
545 857 675 889 domino
692 856 839 888 salutem.

203 927 340 960 Noverit
360 926 552 959 universitas
575 928 680 958 vestra
702 936 754 957 me
777 927 953 968 spontanea
974 925 1141 957 voluntate
1163 936 1235 957 mea
1256 925 1442 957 concessisse
1464 927 1496 957 et
1512 925 1640 967 quitum

159 997 311 1029 clamasse
327 999 358 1028 et
373 995 514 1039 presenti
530 997 618 1028 carta
634 994 836 1027 confirmasse
852 1005 910 1037 pro
932 1005 983 1026 me
999 996 1032 1026 et
1047 993 1197 1026 omnibus
1213 993 1384 1026 heredibus
1399 994 1478 1026 meis
1494 994 1551 1036 qui
1567 996 1642 1026 sunt

159 1067 210 1098 vel
233 1068 328 1098 erunt
351 1065 421 1098 Deo
445 1067 477 1097 et
493 1076 536 1097 ec.
554 1064 585 1097 S,
612 1064 662 1096 M.
687 1065 727 1096 de
751 1063 906 1095 MARGAN
927 1066 959 1095 et
974 1075 1016 1095 m.
1034 1064 1054 1095 i.
1074 1064 1114 1095 D.
1133 1075 1156 1096 s.
1174 1066 1279 1096 totum
1295 1063 1349 1106 jus
1364 1075 1473 1095 meum
1489 1066 1521 1095 et
1536 1066 1642 1095 totum

158 1135 310 1168 elamjum
335 1135 420 1177 quod
443 1133 602 1167 habebam
626 1133 677 1166 vel
702 1132 819 1165 habere
842 1136 987 1175 poteram
1011 1144 1067 1165 seu
1097 1144 1148 1165 me
1174 1132 1293 1165 habere
1320 1133 1466 1165 dicebam
1496 1133 1531 1164 in
1556 1135 1641 1165 terra

158 1215 257 1246 quam
281 1203 415 1246 predicti
438 1202 588 1235 monachi
612 1204 725 1234 tenent
752 1203 792 1234 de
819 1201 1034 1234 TEMPLARns
1058 1202 1093 1234 in
1116 1202 1214 1234 feudo
1237 1203 1277 1234 de
1301 1202 1587 1235 BONEVILESTONE
1611 1204 1643 1234 et

160 1272 345 1316 0m[nibus]
372 1272 443 1304 aliis
465 1272 558 1304 terris
581 1283 661 1314 quas
683 1272 718 1304 in
740 1272 826 1304 dicto
850 1271 947 1303 feudo
971 1271 1036 1303 sive
1059 1271 1130 1303 aliis
1152 1271 1258 1303 feudis
1273 1273 1385 1303 tenent
1402 1273 1439 1303 ut
1455 1271 1596 1303 habeant
1611 1274 1643 1304 et

159 1344 292 1375 teneant
307 1341 385 1373 dicti
396 1341 545 1374 monachi
563 1341 682 1373 dictam
698 1343 817 1373 terram
838 1366 973 1372 ......
992 1342 1092 1373 terras
1115 1352 1187 1373 suas
1210 1340 1309 1373 libere
1333 1341 1440 1383 quiete
1465 1343 1496 1372 et
1512 1341 1642 1383 pacifice

161 1423 219 1454 pro
241 1423 292 1443 me
313 1413 345 1443 et
361 1410 510 1443 omnibus
529 1409 701 1442 heredibus
723 1410 803 1442 meis
828 1436 834 1441 .
859 1409 1061 1452 presentibus
1084 1412 1117 1442 et
1139 1409 1259 1442 futuris
1279 1410 1519 1453 imperpetuum
1538 1436 1543 1441 .
1561 1410 1642 1442 sicut

160 1482 228 1514 ulla
243 1481 416 1514 elemosina
430 1480 482 1513 vel
497 1480 603 1512 ullum
618 1482 841 1512 tenementum
859 1479 990 1511 liberius
1007 1482 1039 1511 et
1062 1479 1203 1521 quietius
1223 1479 1335 1511 haberi
1358 1482 1464 1522 potest
1480 1482 1511 1511 et
1527 1480 1639 1512 teneri.

161 1550 207 1582 Et
230 1550 394 1583 sciendum
417 1550 504 1592 quod
526 1549 655 1581 affidavi
678 1551 710 1581 et
731 1560 826 1591 super
844 1550 1042 1581 sacrosancta
1058 1548 1186 1580 ecclesie
1202 1549 1241 1580 de
1257 1548 1414 1581 MARGAN
1430 1548 1538 1591 juravi
1555 1549 1641 1591 quod

161 1621 257 1653 istam
280 1619 513 1652 concessionem
531 1621 563 1651 et
586 1618 711 1661 quitam
734 1617 963 1650 clamacionem
986 1617 1125 1650 fideliter
1148 1620 1180 1650 et
1201 1617 1269 1650 sine
1289 1618 1362 1650 dolo
1379 1620 1410 1650 et
1428 1645 1538 1650 .....
1557 1619 1642 1650 malo

161 1689 293 1732 ingenio
317 1688 456 1721 servabo.
504 1688 550 1720 Et
570 1699 631 1730 ego
655 1689 688 1719 et
708 1687 840 1719 heredes
861 1686 925 1718 mei
948 1687 1043 1718 istam
1067 1687 1300 1719 concessionem
1323 1689 1356 1719 et
1379 1687 1504 1729 quitam
1525 1687 1641 1719 clama-

160 1760 286 1792 cionem
312 1760 422 1790 contra
448 1768 558 1789 omnes
584 1756 731 1789 homines
758 1755 1039 1788 warantizabimus
1063 1756 1312 1799 imperpetuum.
1360 1756 1404 1788 Et
1431 1759 1468 1789 ut
1499 1757 1642 1799 predicta

161 1828 324 1862 firmitatis
347 1827 445 1860 robur
460 1825 669 1869 optinea[n]t
693 1825 768 1857 huic
790 1825 907 1867 scripto
923 1825 1068 1868 sigillum
1083 1836 1193 1857 meum
1213 1826 1349 1868 apposui
1366 1851 1373 1857 .
1391 1837 1476 1858 anno
1492 1826 1615 1857 domini
1634 1852 1639 1858 .

162 1902 208 1929 Mo.
227 1896 459 1929 ducentessimo
475 1906 528 1928 Lx.
546 1895 693 1928 secundo.

206 1966 284 1998 Hiis
307 1965 443 1998 testibus
469 1990 475 1996 .
502 1964 680 1998 WALTERO
706 1962 825 1996 LOUEL
857 1965 935 1994 tunc
961 1963 1196 1996 constabulario
1221 1963 1261 1996 de
1288 1963 1401 1996 Imm'
1432 1990 1436 1995 .
1470 1963 1641 1996 PHILIPPO

162 2035 273 2068 clerico
297 2036 337 2067 de
363 2034 535 2066 KENEFEG
563 2059 569 2064 .
598 2032 725 2065 ΤΗοΜΑ
747 2031 922 2064 GRAMMUS
944 2058 949 2063 .
977 2031 1154 2064 MAnmmo
1176 2031 1349 2064 GRAMMUS
1374 2058 1380 2063 .
1411 2031 1581 2064 PHILIPPO
1602 2034 1642 2064 de

163 2105 315 2138 CORNELI
334 2130 340 2136 .
358 2106 390 2137 et
405 2103 517 2136 multis
532 2102 612 2135 aliis.

661 2158 788 2181 ,Iohannes
800 2158 948 2187 Capelianus
960 2158 989 2180 de
1000 2158 1137 2180 Bonevilla.

463 2255 570 2277 Richard
581 2225 610 2278 d'e
622 2254 743 2277 ΕΘΝ-1110.
1084 2253 1166 2282 Roger
1177 2224 1337 2276 deissonvffle,

688 2297 744 2325 (See
756 2296 813 2319 Nos.
826 2295 971 2319 COLXIII..
984 2295 1130 2324 CCLXIV.)
