1998 2724
1549 171 1611 202 619

219 330 383 363 Noveritis
400 341 450 362 me
468 341 553 362 anno
568 329 692 362 domini
719 337 764 361 M0·
782 337 836 361 00¹¹·
855 335 895 361 L0·
916 330 1052 372 septimo
1068 330 1102 361 in
1118 329 1169 361 die
1187 328 1297 361 Sancti
1313 329 1505 361 Bssxssmcu
1529 329 1654 362 abbatis

174 400 308 432 donasse
341 399 410 431 Deo
434 402 465 430 et
489 398 618 430 ecclesie
642 397 733 430 beate
759 398 877 430 MARIE
901 399 941 430 de
972 398 1127 430 MARGAN
1160 405 1192 430 et
1226 398 1391 430 monachis
1426 398 1547 430 ibidem
1580 398 1653 431 Deo

177 468 389 501 servientibus
403 471 467 500 ‘cres
491 478 579 499 acras
601 470 685 499 terre
709 478 778 499 mee
803 467 932 499 arabilis
955 470 987 499 et
1014 467 1183 499 dimidiam
1211 478 1283 499 cum
1307 467 1520 509 pertinentiis.
1568 467 1657 502 Quas

178 538 309 580 quidem
324 540 388 569 tres
403 548 491 569 acras
507 540 539 568 et
555 536 723 569 dimidiam
740 536 779 568 ab
796 537 916 569 eisdem
931 537 1096 569 monachis
1111 548 1168 579 per
1191 540 1293 569 cartas
1317 537 1407 568 tenui
1432 537 1517 568 unde
1541 540 1573 568 et
1598 548 1655 579 pro

181 607 283 639 salute
299 607 405 638 anime
421 617 491 638 mee
507 606 634 638 easdem
650 609 752 637 cartas
769 606 803 637 in
819 617 933 637 manus
949 617 1059 637 eormn
1075 605 1236 648 resignavi
1254 631 1259 636 .
1278 605 1362 637 dicte
1378 608 1463 637 terre
1479 617 1537 647 pro
1553 617 1604 638 me
1627 608 1660 637 et

179 675 349 708 heredibus
365 675 444 707 meis
459 675 677 707 renuntiando
692 675 726 706 in
750 677 953 717 perpetuum.
1001 674 1097 710 Quod
1121 675 1145 706 si
1170 686 1251 706 uxor
1274 685 1344 706 mea
1369 685 1419 706 me
1444 674 1658 716 supervixerit

181 745 364 787 quicunque
387 744 478 776 heres
500 755 589 776 meus
613 743 712 776 fuerit
735 745 774 776 de
798 744 861 775 alia
885 748 969 775 terra
992 755 1063 775 mea
1086 744 1189 786 ipsam
1213 743 1347 775 dotabit.
1395 743 1449 776 Ita
1472 744 1558 786 quod
1581 744 1659 776 dicti

182 814 331 846 monachi
353 813 611 855 prenominatam
634 817 753 845 terram
773 825 811 845 ex
834 812 934 845 libera
954 813 1129 845 donacione
1151 825 1221 845 mea
1251 813 1393 855 quietam
1427 816 1458 844 et
1499 813 1661 856 integram

183 882 325 915 habeant
339 883 374 914 in
389 884 590 925 perpetuum.
638 881 684 914 Et
700 884 737 914 ut
752 881 810 914 hee
832 893 904 914 mea
927 883 1060 914 donacio
1083 885 1115 914 et
1139 883 1296 914 concessio
1318 884 1389 914 rata
1412 885 1443 914 et
1467 882 1663 915 inviolabilis

183 953 370 994 permaneat
385 951 525 993 presenti
541 951 658 993 scripto
674 950 817 993 sigillum
834 962 942 982 meum
959 951 1101 992 apposui.
1149 950 1226 982 Hiis
1247 950 1383 982 testibus
1401 976 1407 982 .
1428 951 1598 983 PH1L1PPO
1622 952 1662 984 de

185 1020 345 1052 CORNELY
370 1046 376 1051 .
403 1019 546 1052 THOMAS
571 1019 716 1052 GRAMUS
741 1044 747 1051 .
773 1018 943 1051 Pmmpo
966 1019 1078 1051 elerico
1103 1045 1108 1050 .
1136 1018 1330 1052 WinLnLMO
1350 1020 1378 1052 le
1395 1020 1661 1053 FRANKELEYN.

187 1088 339 1121 HneoNE
363 1088 461 1120 Goon
484 1092 516 1120 et
538 1088 618 1120 aliis.

232 1157 315 1197 Seal,
332 1158 465 1200 pointed
480 1158 562 1196 oval,
582 1157 667 1196 stin.
685 1157 730 1199 by
748 1157 824 1196 lin„
841 1157 875 1189 in
892 1169 991 1200 green
1007 1169 1088 1189 wax.
1136 1158 1254 1190 Device
1268 1177 1310 1181 —-
1321 1159 1376 1190 An
1403 1159 1603 1190 ornamental
1628 1170 1664 1191 or

184 1226 360 1268 arabesque
376 1226 492 1258 flower.

229 1295 418 1338 Legend—-‘
435 1300 467 1331 -4-
489 1295 515 1327 s’
534 1322 539 1327 .
557 1306 727 1327 JOHANNIS
745 1321 751 1327 .
770 1295 929 1327 WITARD.'

228 1364 452 1396 Endorsed—‘
465 1363 563 1396 Carta
578 1364 600 1397 J
602 1364 739 1396 ohannis
757 1364 887 1397 Witard
904 1366 944 1396 de
959 1364 1062 1397 tribus
1078 1365 1158 1397 acris
1173 1369 1256 1397 terre
1273 1369 1304 1397 et
1321 1366 1477 1397 dimidia?

851 1534 998 1566 DXCII.

187 1615 479 1648 GYROGRAPH
511 1615 749 1649 BETWEEN
777 1616 946 1649 PHILIP
974 1617 1038 1649 DE
1068 1617 1292 1650 CORNELY
1319 1619 1421 1651 AND
1453 1619 1663 1653 MARGAM

295 1684 461 1717 ABBEY
484 1684 794 1717 OONOERNING
822 1686 890 1717 AN
919 1686 1183 1719 EXOHANGE
1213 1686 1273 1719 OF
1305 1687 1437 1720 LAND
1470 1689 1532 1721 AT
1565 1688 1663 1721 THE

297 1752 586 1785 SANCTUARY
617 1753 675 1786 OF
707 1754 916 1787 CORNELI
949 1754 1149 1787 OHAPEL.

722 1835 897 1879 [MARGAM
929 1835 1123 1880 ommim]
1524 1840 1617 1871 1257.

228 1915 387 1949 Omnibus
411 1916 554 1948 Omusn
578 1917 601 1949 f.
623 1929 642 1949 a
666 1929 695 1959 q.
720 1929 751 1959 p.
776 1929 800 1949 s.
819 1930 850 1960 p.
875 1918 1055 1950 innotescat
1081 1943 1087 1949 .
1114 1918 1210 1953 Quod
1234 1918 1291 1950 hec
1314 1922 1360 1951 est
1384 1920 1554 1952 conventio
1577 1920 1663 1953 facta

187 1984 272 2017 inter
290 1985 459 2017 dominum
480 1985 629 2018 abbatem
650 1988 683 2018 et
703 1989 897 2018 conventum
912 1987 952 2019 de
969 1986 1124 2019 MARGAN
1140 1999 1180 2019 ex
1195 1990 1286 2029 parte
1305 2000 1371 2020 una
1388 2014 1394 2020 .
1413 1994 1443 2020 et
1461 1989 1663 2021 PHILIPPUM

187 2053 227 2085 de
242 2052 404 2085 CORNELY
420 2066 460 2086 ex
475 2057 566 2096 parte
581 2054 683 2087 altera
700 2081 706 2086 .
724 2055 873 2087 videlicet
889 2056 975 2097 quod
996 2056 1074 2088 dieti
1091 2055 1189 2087 abbas
1204 2063 1236 2087 et
1252 2060 1427 2089 conventus
1443 2062 1663 2090 concesserunt

185 2123 408 2164 prenominato
425 2122 595 2155 PHILIPPO
611 2126 643 2155 et
658 2123 829 2156 heredibus
844 2125 910 2156 suis
925 2128 1079 2167 perpetuo
1095 2125 1278 2157 habendam
1296 2151 1301 2157 .
1316 2130 1418 2158 totam
1435 2132 1553 2158 terram
1569 2138 1661 2159 suam

186 2191 401 2233 pertinentem
417 2192 459 2224 ad
475 2193 690 2224 sanctuariam
706 2193 825 2235 capelle
837 2193 877 2225 de
888 2193 1051 2226 CORNELI.
1100 2194 1172 2229 Que
1182 2196 1312 2236 quidem
1325 2199 1409 2227 terra
1424 2196 1509 2237 jacet
1522 2208 1560 2227 ex
1573 2200 1663 2238 parte

178 2260 383 2292 meridionali
404 2260 500 2303 juxta
523 2264 642 2294 terram
659 2261 829 2295 WAL‘rEm
846 2263 921 2295 filiis
939 2263 1099 2295 ANSELMI
1117 2289 1124 2296 .
1142 2268 1174 2296 et
1197 2265 1384 2297 extenditur
1403 2265 1435 2296 in
1454 2265 1660 2307 longitudine
