1998 2724
8 2222 37 2250 (ἱ

1549 182 1609 213 591

173 339 354 381 aquilonari
369 340 459 381 parte
475 337 721 370 transfluentem
744 339 863 369 ‘terram
887 338 1047 370 dictorum
1071 337 1302 369 monachorum
1326 363 1332 369 .
1353 337 1394 370 ab
1422 340 1554 371 australi
1580 351 1654 371 vero

172 407 375 440 concluditur
390 409 475 439 terra
498 405 613 438 arabili
632 407 672 438 de
696 405 817 438 Mnus
843 433 848 438 .
875 407 1013 439 Necnon
1030 409 1062 438 et
1089 409 1193 439 totum
1217 407 1300 438 illud
1324 410 1453 449 pratum
1482 409 1567 450 quod
1592 409 1656 441 fuit

172 475 311 508 OLEVYN
327 476 361 508 iu
377 477 490 508 eodem
506 476 601 508 feodo
617 476 703 518 quod
718 476 804 518 jacet
820 476 905 509 inter
922 479 1051 518 prabum
1067 476 1208 508 filiorum
1225 477 1394 508 Annum
1407 476 1447 508 ab
1461 477 1651 510 occidentali

170 547 260 587 parbe
278 571 284 576 .
303 547 335 577 et
350 545 488 577 waldam
500 545 718 587 predictorum
734 545 963 578 monachorum
979 545 1020 578 ab
1036 545 1186 578 orientali
1203 571 1209 577 .
1227 545 1268 577 ab
1284 546 1418 578 australi
1434 557 1508 578 vero
1532 549 1651 579 terram

172 613 326 646 arabilem
342 615 382 646 de
399 613 529 645 MELES.
576 613 623 645 Et
638 613 679 646 ab
694 614 875 656 aquilonari
892 617 982 656 parte
999 614 1080 646 fossa
1104 615 1297 647 terminatur
1320 616 1453 657 aquaria
1476 616 1652 648 eorundem

170 683 401 715 monachorum
417 684 523 716 media
539 684 669 726 quidem
685 684 844 716 existente
867 684 952 716 inter
977 687 1096 716 terram
1119 683 1274 716 arabilem
1298 687 1330 716 et
1357 684 1481 716 dictum
1508 688 1647 727 pratum.

170 752 242 788 Que
273 753 405 795 quidem
435 756 526 795 prata
559 764 632 785 clun
655 753 741 785 dieto
766 753 901 785 marisco
924 756 1031 795 patres
1054 753 1155 785 nostri
1178 752 1292 785 Kame
1316 753 1436 785 sciliceb
1459 757 1491 786 et
1514 754 1655 786 Mmmc

168 822 269 855 frater
285 822 357 865 ejus
371 823 465 854 dietis
482 822 646 854 monachis
662 822 822 855 dederunt
838 827 870 854 et
887 826 974 855 carta
990 834 1047 855 sua
1064 822 1334 855 confirmaverunt
1364 849 1370 854 .
1396 823 1551 855 solvendo
1578 824 1655 855 inde

172 891 264 924 nobis
280 894 312 924 e‘c
327 891 498 924 heredibus
514 892 631 924 nostris
654 892 824 924 annuatim
848 892 1066 934 quadraginta
1089 892 1236 924 denarios
1259 892 1300 923 ad
1324 891 1448 924 Pascha
1471 903 1550 934 quos
1574 893 1652 925 dieti

171 961 321 993 monachi
337 961 430 993 dictis
447 960 561 993 KEDIC
577 964 609 994 et
626 960 768 993 Mmmc
784 961 916 993 reddere
932 964 1166 993 consueverunt
1178 973 1235 1003 pro
1253 961 1341 993 omni
1353 962 1485 993 servicio
1503 988 1509 993 .
1524 973 1655 993 consue-

172 1029 286 1062 tudine
304 1055 310 1061 .
328 1032 359 1062 et
376 1030 511 1062 seculari
526 1030 701 1063 exactione.
728 1030 827 1062 Hanc
837 1034 946 1062 autem
962 1030 1169 1062 donationem
1181 1032 1324 1062 nostram
1336 1032 1369 1062 et
1379 1030 1655 1062 confirmationem

172 1101 240 1131 tam
263 1110 322 1131 nos
345 1110 443 1142 quam
466 1099 599 1132 heredes
621 1100 723 1132 nostri
746 1099 840 1132 dictis
867 1100 1032 1132 monachis
1064 1102 1175 1133 eontra
1209 1111 1319 1133 omnes
1351 1100 1498 1133 homines
1531 1112 1652 1133 waran-

173 1167 345 1200 tizabimus
368 1168 402 1200 in
424 1171 628 1211 perpetuum.
677 1167 719 1200 In
738 1168 829 1210 cujus
852 1169 899 1200 rei
919 1170 1141 1202 testimonium
1168 1169 1243 1202 huic
1270 1169 1387 1212 scripto
1415 1170 1523 1212 sigilla
1546 1172 1655 1202 nostra.

172 1237 389 1280 apposuimus.
439 1238 515 1270 Hiis
530 1238 667 1271 testibus
684 1265 690 1271 .
708 1238 832 1270 Minoe
848 1237 889 1270 ab
907 1237 1066 1270 GRIFFUD
1084 1264 1090 1270 .
1109 1238 1259 1270 LOWARC
1278 1238 1319 1271 ab
1338 1238 1455 1270 DAvn)
1474 1265 1479 1271 .
1499 1238 1629 1270 OWENo
1646 1264 1652 1270 .

173 1305 264 1339 Raso
289 1332 295 1338 .
321 1309 353 1339 et
376 1307 499 1339 Minoo
522 1307 597 1340 filiis
620 1307 789 1340 ALAYTHO
821 1333 828 1339 .
860 1307 1002 1339 MEURIC
1038 1307 1139 1339 Goon
1174 1333 1180 1339 .
1216 1307 1356 1341 Wnoms
1390 1307 1431 1340 ab
1463 1307 1589 1341 YTHEL
1624 1310 1656 1340 et

172 1375 285 1407 multis
301 1375 381 1408 aliis.

217 1443 305 1476 Four
325 1445 415 1485 seals,
431 1445 466 1477 in
481 1446 562 1477 dark
578 1457 678 1488 green
694 1457 778 1485 wax,
796 1446 839 1477 all
855 1446 989 1488 pointed
1005 1446 1102 1486 ovals,
1121 1447 1208 1488 lssin.
1225 1446 1270 1489 by
1283 1447 1350 1488 {in

218 1514 246 1544 1.
294 1513 327 1545 A
342 1514 421 1546 rude
437 1514 639 1547 fleur-de-lis.

215 1581 403 1624 Legend—‘
422 1589 453 1620 ÷
471 1583 496 1616 s'
515 1610 521 1616 .
540 1595 697 1616 PHILIPPI
716 1610 722 1616 .
741 1595 784 1616 AB
803 1610 808 1616 .
827 1584 1018 1616 KHEDIHK.'

214 1652 244 1683 2.
292 1651 325 1684 A
340 1651 417 1684 bent
433 1652 514 1691 bow,
531 1653 610 1686 with
626 1665 668 1686 an
684 1665 787 1686 arrow
804 1665 891 1697 upon
908 1654 963 1686 the
979 1654 1083 1697 string
1098 1654 1250 1697 pointing
1266 1658 1299 1687 to
1315 1654 1371 1686 the
1392 1666 1508 1697 proper
1528 1655 1628 1698 right.

603 1725 610 1739 ‘
629 1728 661 1760 ÷
683 1723 833 1755 SIGILL'M
852 1749 858 1755 .
877 1734 988 1755 MAnoc
1006 1749 1012 1755 .
1030 1734 1073 1754 AB
1092 1723 1218 1755 KEDIC.'

214 1788 243 1820 3.
290 1789 346 1821 An
363 1789 702 1834 elegantly—designed
717 1792 834 1824 flower.

620 1864 627 1878 ‘
644 1866 676 1898 -4-
698 1860 722 1893 s'
737 1872 752 1893 >1
771 1886 909 1894 ......
928 1872 950 1893 n
968 1887 974 1893 .
992 1872 1035 1892 AB
1054 1887 1060 1893 .
1079 1861 1205 1893 103ch

213 1927 243 1957 4.
291 1926 323 1958 A
339 1930 405 1959 sort
418 1928 452 1960 of
468 1928 538 1971 lily.

213 1993 404 2037 Legend—‘
423 2002 455 2034 ÷
476 1996 502 2029 s'
520 2023 526 2030 .
545 2008 657 2031 MADoc
675 2025 681 2031 .
700 2010 743 2030 AB
761 2024 767 2031 .
786 1999 906 2031 ΜΕυΒῖ

213 2062 438 2098 Endorsed—‘
452 2066 549 2100 Carta
564 2067 706 2100 filiorum
719 2067 826 2100 Kedic
843 2093 850 2100 .
868 2071 900 2100 et
916 2068 1042 2100 Meuric
1060 2094 1065 2099 .
1084 2069 1124 2101 de
1139 2069 1240 2111 pratis
1252 2069 1287 2101 in
1297 2069 1432 2102 marisco
1443 2069 1482 2101 de
1493 2069 1608 2101 Avene
1619 2069 1626 2082 ’
1639 2080 1648 2107 ;

167 2130 328 2164 added—‘
340 2145 414 2167 cum
430 2134 577 2177 ejusdem
592 2136 744 2169 ffinibus.'
