<?xml version="1.0" encoding="UTF-8"?>
<!DOCTYPE html PUBLIC "-//W3C//DTD XHTML 1.0 Transitional//EN"
    "http://www.w3.org/TR/xhtml1/DTD/xhtml1-transitional.dtd">
<html xmlns="http://www.w3.org/1999/xhtml" xml:lang="en" lang="en">
 <head>
  <title>
</title>
<meta http-equiv="Content-Type" content="text/html;charset=utf-8" />
  <meta name='ocr-system' content='tesseract 3.04.00' />
  <meta name='ocr-capabilities' content='ocr_page ocr_carea ocr_par ocr_line ocrx_word'/>
</head>
<body>
  <div class='ocr_page' id='page_1' title='image "./cartaeetaliamuni02claruoft_0282.png"; bbox 0 0 1998 2724; ppageno 0'>
   <div class='ocr_carea' id='block_1_1' title="bbox 306 168 370 199">
    <p class='ocr_par' dir='ltr' id='par_1_1' title="bbox 306 168 370 199">
     <span class='ocr_line' id='line_1_1' title="bbox 306 168 370 199; baseline 0 0"><span class='ocrx_word' id='word_1_1' title='bbox 306 168 370 199; x_wconf 78' lang='lat'>498</span> 
     </span>
    </p>
   </div>
   <div class='ocr_carea' id='block_1_2' title="bbox 264 319 1760 2304">
    <p class='ocr_par' dir='ltr' id='par_1_2' title="bbox 264 319 1760 2020">
     <span class='ocr_line' id='line_1_2' title="bbox 264 319 1749 367; baseline -0.005 -8"><span class='ocrx_word' id='word_1_2' title='bbox 264 325 363 359; x_wconf 82' lang='lat' dir='ltr'>etiam</span> <span class='ocrx_word' id='word_1_3' title='bbox 390 336 497 358; x_wconf 84' lang='lat' dir='ltr'>coram</span> <span class='ocrx_word' id='word_1_4' title='bbox 521 322 668 367; x_wconf 88' lang='lat' dir='ltr'>pluribus</span> <span class='ocrx_word' id='word_1_5' title='bbox 690 322 783 355; x_wconf 88' lang='lat' dir='ltr'>bonis</span> <span class='ocrx_word' id='word_1_6' title='bbox 805 321 882 354; x_wconf 85' lang='lat' dir='ltr'>viris</span> <span class='ocrx_word' id='word_1_7' title='bbox 905 332 963 363; x_wconf 83' lang='lat' dir='ltr'>pro</span> <span class='ocrx_word' id='word_1_8' title='bbox 986 319 1078 353; x_wconf 86' lang='lat' dir='ltr'>nobis</span> <span class='ocrx_word' id='word_1_9' title='bbox 1105 322 1138 352; x_wconf 81' lang='lat' dir='ltr'>et</span> <span class='ocrx_word' id='word_1_10' title='bbox 1161 319 1334 353; x_wconf 76' lang='lat' dir='ltr'>heredibus</span> <span class='ocrx_word' id='word_1_11' title='bbox 1354 320 1473 352; x_wconf 83' lang='lat' dir='ltr'>nostris</span> <span class='ocrx_word' id='word_1_12' title='bbox 1493 320 1528 352; x_wconf 88' lang='lat' dir='ltr'>in</span> <span class='ocrx_word' id='word_1_13' title='bbox 1553 319 1684 352; x_wconf 82' lang='lat' dir='ltr'>ecclesia</span> <span class='ocrx_word' id='word_1_14' title='bbox 1707 321 1749 352; x_wconf 89' lang='lat' dir='ltr'>de</span> 
     </span>
     <span class='ocr_line' id='line_1_3' title="bbox 266 387 1750 437; baseline -0.005 -9"><span class='ocrx_word' id='word_1_15' title='bbox 266 395 413 428; x_wconf 47' lang='lat' dir='ltr'>Limum</span> <span class='ocrx_word' id='word_1_16' title='bbox 436 405 531 437; x_wconf 88' lang='lat' dir='ltr'>super</span> <span class='ocrx_word' id='word_1_17' title='bbox 545 392 693 426; x_wconf 84' lang='lat' dir='ltr'>tumbam</span> <span class='ocrx_word' id='word_1_18' title='bbox 709 391 820 424; x_wconf 76' lang='lat' dir='ltr'>Sancti</span> <span class='ocrx_word' id='word_1_19' title='bbox 833 390 1019 423; x_wconf 61' lang='lat' dir='ltr'>Tamum</span> <span class='ocrx_word' id='word_1_20' title='bbox 1042 415 1049 421; x_wconf 91' lang='lat'><strong>.</strong></span> <span class='ocrx_word' id='word_1_21' title='bbox 1076 392 1108 422; x_wconf 81' lang='lat' dir='ltr'>et</span> <span class='ocrx_word' id='word_1_22' title='bbox 1134 401 1230 432; x_wconf 84' lang='lat' dir='ltr'>super</span> <span class='ocrx_word' id='word_1_23' title='bbox 1250 389 1359 421; x_wconf 79' lang='lat' dir='ltr'>omnia</span> <span class='ocrx_word' id='word_1_24' title='bbox 1381 391 1580 422; x_wconf 79' lang='lat' dir='ltr'>sacrosancta</span> <span class='ocrx_word' id='word_1_25' title='bbox 1602 387 1750 432; x_wconf 83' lang='lat' dir='ltr'>ejusdem</span> 
     </span>
     <span class='ocr_line' id='line_1_4' title="bbox 267 458 1750 506; baseline -0.005 -9"><span class='ocrx_word' id='word_1_26' title='bbox 267 464 396 497; x_wconf 85' lang='lat' dir='ltr'>ecclesie</span> <span class='ocrx_word' id='word_1_27' title='bbox 412 464 498 506; x_wconf 90' lang='lat' dir='ltr'>quod</span> <span class='ocrx_word' id='word_1_28' title='bbox 519 473 689 504; x_wconf 81' lang='lat' dir='ltr'>nunquam</span> <span class='ocrx_word' id='word_1_29' title='bbox 712 460 902 493; x_wconf 81' lang='lat' dir='ltr'><strong>vexabimus</strong></span> <span class='ocrx_word' id='word_1_30' title='bbox 924 458 1097 491; x_wconf 78' lang='lat' dir='ltr'>monachos</span> <span class='ocrx_word' id='word_1_31' title='bbox 1121 459 1162 491; x_wconf 87' lang='lat' dir='ltr'>de</span> <span class='ocrx_word' id='word_1_32' title='bbox 1186 458 1343 491; x_wconf 64' lang='lat' dir='ltr'>Mmom</span> <span class='ocrx_word' id='word_1_33' title='bbox 1369 469 1427 501; x_wconf 92' lang='lat' dir='ltr'>pro</span> <span class='ocrx_word' id='word_1_34' title='bbox 1451 458 1595 500; x_wconf 84' lang='lat' dir='ltr'>predicto</span> <span class='ocrx_word' id='word_1_35' title='bbox 1620 459 1750 491; x_wconf 88' lang='lat' dir='ltr'>redditu</span> 
     </span>
     <span class='ocr_line' id='line_1_5' title="bbox 267 527 1750 576; baseline -0.005 -10"><span class='ocrx_word' id='word_1_36' title='bbox 267 545 325 566; x_wconf 90' lang='lat' dir='ltr'>nec</span> <span class='ocrx_word' id='word_1_37' title='bbox 339 544 398 576; x_wconf 89' lang='lat' dir='ltr'>pro</span> <span class='ocrx_word' id='word_1_38' title='bbox 413 532 557 575; x_wconf 83' lang='lat' dir='ltr'>predicto</span> <span class='ocrx_word' id='word_1_39' title='bbox 573 532 759 564; x_wconf 76' lang='lat' dir='ltr'>tenemento</span> <span class='ocrx_word' id='word_1_40' title='bbox 774 529 825 561; x_wconf 89' lang='lat' dir='ltr'>vel</span> <span class='ocrx_word' id='word_1_41' title='bbox 848 528 958 571; x_wconf 80' lang='lat' dir='ltr'>aliqua</span> <span class='ocrx_word' id='word_1_42' title='bbox 980 530 1072 570; x_wconf 86' lang='lat' dir='ltr'>parte</span> <span class='ocrx_word' id='word_1_43' title='bbox 1095 527 1166 571; x_wconf 84' lang='lat' dir='ltr'>ejus</span> <span class='ocrx_word' id='word_1_44' title='bbox 1190 554 1196 559; x_wconf 92' lang='lat'>.</span> <span class='ocrx_word' id='word_1_45' title='bbox 1221 530 1269 560; x_wconf 84' lang='lat' dir='ltr'>set</span> <span class='ocrx_word' id='word_1_46' title='bbox 1292 527 1434 560; x_wconf 80' lang='lat' dir='ltr'>habeant</span> <span class='ocrx_word' id='word_1_47' title='bbox 1458 530 1490 560; x_wconf 90' lang='lat' dir='ltr'>et</span> <span class='ocrx_word' id='word_1_48' title='bbox 1514 530 1648 560; x_wconf 78' lang='lat' dir='ltr'>teneant</span> <span class='ocrx_word' id='word_1_49' title='bbox 1671 527 1750 560; x_wconf 79' lang='lat' dir='ltr'>dicti</span> 
     </span>
     <span class='ocr_line' id='line_1_6' title="bbox 266 596 1751 640; baseline -0.005 -4"><span class='ocrx_word' id='word_1_50' title='bbox 266 602 416 636; x_wconf 83' lang='lat' dir='ltr'>monachi</span> <span class='ocrx_word' id='word_1_51' title='bbox 445 602 569 634; x_wconf 81' lang='lat' dir='ltr'>dictum</span> <span class='ocrx_word' id='word_1_52' title='bbox 599 601 821 632; x_wconf 76' lang='lat' dir='ltr'>tenementum</span> <span class='ocrx_word' id='word_1_53' title='bbox 846 597 946 631; x_wconf 85' lang='lat' dir='ltr'>libere</span> <span class='ocrx_word' id='word_1_54' title='bbox 976 597 1084 639; x_wconf 80' lang='lat' dir='ltr'>quiete</span> <span class='ocrx_word' id='word_1_55' title='bbox 1115 599 1147 629; x_wconf 86' lang='lat' dir='ltr'>et</span> <span class='ocrx_word' id='word_1_56' title='bbox 1177 597 1308 640; x_wconf 81' lang='lat' dir='ltr'>pacifice</span> <span class='ocrx_word' id='word_1_57' title='bbox 1334 608 1392 640; x_wconf 90' lang='lat' dir='ltr'>pro</span> <span class='ocrx_word' id='word_1_58' title='bbox 1422 596 1573 629; x_wconf 85' lang='lat' dir='ltr'>omnibus</span> <span class='ocrx_word' id='word_1_59' title='bbox 1596 596 1689 629; x_wconf 89' lang='lat' dir='ltr'>nobis</span> <span class='ocrx_word' id='word_1_60' title='bbox 1719 599 1751 630; x_wconf 83' lang='lat' dir='ltr'>et</span> 
     </span>
     <span class='ocr_line' id='line_1_7' title="bbox 266 666 1752 710; baseline -0.005 -5"><span class='ocrx_word' id='word_1_61' title='bbox 266 671 417 705; x_wconf 89' lang='lat' dir='ltr'>omnibus</span> <span class='ocrx_word' id='word_1_62' title='bbox 439 670 611 703; x_wconf 73' lang='lat' dir='ltr'>heredibus</span> <span class='ocrx_word' id='word_1_63' title='bbox 634 669 751 701; x_wconf 85' lang='lat' dir='ltr'>nostris</span> <span class='ocrx_word' id='word_1_64' title='bbox 774 668 808 700; x_wconf 87' lang='lat' dir='ltr'>in</span> <span class='ocrx_word' id='word_1_65' title='bbox 832 670 1024 710; x_wconf 83' lang='lat' dir='ltr'>perpetuum</span> <span class='ocrx_word' id='word_1_66' title='bbox 1048 667 1083 699; x_wconf 84' lang='lat' dir='ltr'>in</span> <span class='ocrx_word' id='word_1_67' title='bbox 1108 666 1257 699; x_wconf 83' lang='lat' dir='ltr'>omnibus</span> <span class='ocrx_word' id='word_1_68' title='bbox 1282 668 1315 698; x_wconf 79' lang='lat' dir='ltr'>et</span> <span class='ocrx_word' id='word_1_69' title='bbox 1339 678 1397 708; x_wconf 87' lang='lat' dir='ltr'>per</span> <span class='ocrx_word' id='word_1_70' title='bbox 1421 666 1531 698; x_wconf 80' lang='lat' dir='ltr'>omnia</span> <span class='ocrx_word' id='word_1_71' title='bbox 1557 666 1640 698; x_wconf 79' lang='lat' dir='ltr'>sicut</span> <span class='ocrx_word' id='word_1_72' title='bbox 1664 668 1752 698; x_wconf 70' lang='lat' dir='ltr'>carta</span> 
     </span>
     <span class='ocr_line' id='line_1_8' title="bbox 266 735 1752 781; baseline -0.005 -7"><span class='ocrx_word' id='word_1_73' title='bbox 266 742 345 775; x_wconf 87' lang='lat' dir='ltr'>dicti</span> <span class='ocrx_word' id='word_1_74' title='bbox 361 740 513 773; x_wconf 81' lang='lat' dir='ltr'>avunculi</span> <span class='ocrx_word' id='word_1_75' title='bbox 529 739 630 772; x_wconf 81' lang='lat' dir='ltr'>nostri</span> <span class='ocrx_word' id='word_1_76' title='bbox 647 749 744 781; x_wconf 85' lang='lat' dir='ltr'>quam</span> <span class='ocrx_word' id='word_1_77' title='bbox 760 737 836 769; x_wconf 89' lang='lat' dir='ltr'>inde</span> <span class='ocrx_word' id='word_1_78' title='bbox 855 736 976 769; x_wconf 83' lang='lat' dir='ltr'>habent</span> <span class='ocrx_word' id='word_1_79' title='bbox 995 761 1003 769; x_wconf 90' lang='lat'><strong>.</strong></span> <span class='ocrx_word' id='word_1_80' title='bbox 1020 738 1166 768; x_wconf 83' lang='lat' dir='ltr'>testatur.</span> <span class='ocrx_word' id='word_1_81' title='bbox 1213 735 1260 768; x_wconf 88' lang='lat' dir='ltr'>Et</span> <span class='ocrx_word' id='word_1_82' title='bbox 1286 747 1344 768; x_wconf 88' lang='lat' dir='ltr'>nos</span> <span class='ocrx_word' id='word_1_83' title='bbox 1364 735 1461 768; x_wconf 81' lang='lat' dir='ltr'>istam</span> <span class='ocrx_word' id='word_1_84' title='bbox 1487 735 1613 778; x_wconf 81' lang='lat' dir='ltr'>quitam</span> <span class='ocrx_word' id='word_1_85' title='bbox 1633 735 1752 768; x_wconf 79' lang='lat' dir='ltr'>clama-</span> 
     </span>
     <span class='ocr_line' id='line_1_9' title="bbox 265 805 1751 847; baseline -0.005 -4"><span class='ocrx_word' id='word_1_86' title='bbox 265 812 389 843; x_wconf 87' lang='lat' dir='ltr'>tionem</span> <span class='ocrx_word' id='word_1_87' title='bbox 430 811 575 842; x_wconf 82' lang='lat' dir='ltr'>nostram</span> <span class='ocrx_word' id='word_1_88' title='bbox 614 806 896 840; x_wconf 82' lang='lat' dir='ltr'>warantizabimus</span> <span class='ocrx_word' id='word_1_89' title='bbox 932 808 1043 838; x_wconf 83' lang='lat' dir='ltr'>eontra</span> <span class='ocrx_word' id='word_1_90' title='bbox 1074 817 1184 838; x_wconf 89' lang='lat' dir='ltr'>omnes</span> <span class='ocrx_word' id='word_1_91' title='bbox 1214 805 1361 837; x_wconf 85' lang='lat' dir='ltr'>homines</span> <span class='ocrx_word' id='word_1_92' title='bbox 1389 805 1423 837; x_wconf 89' lang='lat' dir='ltr'>in</span> <span class='ocrx_word' id='word_1_93' title='bbox 1456 808 1658 847; x_wconf 83' lang='lat' dir='ltr'>perpetuum.</span> <span class='ocrx_word' id='word_1_94' title='bbox 1706 805 1751 837; x_wconf 86' lang='lat' dir='ltr'>Et</span> 
     </span>
     <span class='ocr_line' id='line_1_10' title="bbox 266 874 1753 924; baseline -0.005 -11"><span class='ocrx_word' id='word_1_95' title='bbox 266 882 411 924; x_wconf 78' lang='lat' dir='ltr'>preterea</span> <span class='ocrx_word' id='word_1_96' title='bbox 441 879 607 911; x_wconf 83' lang='lat' dir='ltr'>sciendum</span> <span class='ocrx_word' id='word_1_97' title='bbox 634 878 721 920; x_wconf 88' lang='lat' dir='ltr'>quod</span> <span class='ocrx_word' id='word_1_98' title='bbox 749 876 878 919; x_wconf 80' lang='lat' dir='ltr'>quando</span> <span class='ocrx_word' id='word_1_99' title='bbox 904 875 1040 907; x_wconf 76' lang='lat' dir='ltr'>fecimus</span> <span class='ocrx_word' id='word_1_100' title='bbox 1067 875 1187 907; x_wconf 82' lang='lat' dir='ltr'>dictam</span> <span class='ocrx_word' id='word_1_101' title='bbox 1212 875 1337 917; x_wconf 79' lang='lat' dir='ltr'>quitam</span> <span class='ocrx_word' id='word_1_102' title='bbox 1361 874 1589 907; x_wconf 81' lang='lat' dir='ltr'>clamationem</span> <span class='ocrx_word' id='word_1_103' title='bbox 1615 900 1620 905; x_wconf 96' lang='lat'>.</span> <span class='ocrx_word' id='word_1_104' title='bbox 1648 874 1753 906; x_wconf 80' lang='lat' dir='ltr'>dictus</span> 
     </span>
     <span class='ocr_line' id='line_1_11' title="bbox 266 944 1753 987; baseline -0.004 -6"><span class='ocrx_word' id='word_1_105' title='bbox 266 949 445 982; x_wconf 79' lang='lat' dir='ltr'>avunculus</span> <span class='ocrx_word' id='word_1_106' title='bbox 466 950 575 980; x_wconf 87' lang='lat' dir='ltr'>noster</span> <span class='ocrx_word' id='word_1_107' title='bbox 597 947 688 979; x_wconf 83' lang='lat' dir='ltr'>dedit</span> <span class='ocrx_word' id='word_1_108' title='bbox 708 945 801 978; x_wconf 89' lang='lat' dir='ltr'>nobis</span> <span class='ocrx_word' id='word_1_109' title='bbox 825 945 970 987; x_wconf 87' lang='lat' dir='ltr'>quinque</span> <span class='ocrx_word' id='word_1_110' title='bbox 997 955 1119 976; x_wconf 78' lang='lat' dir='ltr'>marcas</span> <span class='ocrx_word' id='word_1_111' title='bbox 1143 944 1373 986; x_wconf 80' lang='lat' dir='ltr'>sterlingorum</span> <span class='ocrx_word' id='word_1_112' title='bbox 1398 955 1456 986; x_wconf 87' lang='lat' dir='ltr'>per</span> <span class='ocrx_word' id='word_1_113' title='bbox 1480 955 1615 975; x_wconf 83' lang='lat' dir='ltr'>manum</span> <span class='ocrx_word' id='word_1_114' title='bbox 1641 954 1753 976; x_wconf 82' lang='lat' dir='ltr'>mona·</span> 
     </span>
     <span class='ocr_line' id='line_1_12' title="bbox 267 1012 1753 1057; baseline -0.003 -7"><span class='ocrx_word' id='word_1_115' title='bbox 267 1019 399 1050; x_wconf 88' lang='lat' dir='ltr'>chorum</span> <span class='ocrx_word' id='word_1_116' title='bbox 423 1017 463 1049; x_wconf 90' lang='lat' dir='ltr'>de</span> <span class='ocrx_word' id='word_1_117' title='bbox 486 1016 642 1048; x_wconf 71' lang='lat' dir='ltr'>MARGAN</span> <span class='ocrx_word' id='word_1_118' title='bbox 669 1042 674 1046; x_wconf 93' lang='lat'>.</span> <span class='ocrx_word' id='word_1_119' title='bbox 699 1026 765 1047; x_wconf 89' lang='lat' dir='ltr'>non</span> <span class='ocrx_word' id='word_1_120' title='bbox 788 1026 846 1057; x_wconf 88' lang='lat' dir='ltr'>pro</span> <span class='ocrx_word' id='word_1_121' title='bbox 861 1014 935 1056; x_wconf 83' lang='lat' dir='ltr'>jure</span> <span class='ocrx_word' id='word_1_122' title='bbox 952 1014 1037 1056; x_wconf 86' lang='lat' dir='ltr'>quod</span> <span class='ocrx_word' id='word_1_123' title='bbox 1057 1012 1265 1045; x_wconf 77' lang='lat' dir='ltr'>habuerimus</span> <span class='ocrx_word' id='word_1_124' title='bbox 1279 1013 1315 1045; x_wconf 89' lang='lat' dir='ltr'>in</span> <span class='ocrx_word' id='word_1_125' title='bbox 1331 1013 1446 1044; x_wconf 83' lang='lat' dir='ltr'>clamio</span> <span class='ocrx_word' id='word_1_126' title='bbox 1461 1014 1571 1045; x_wconf 87' lang='lat' dir='ltr'>nostro</span> <span class='ocrx_word' id='word_1_127' title='bbox 1589 1038 1595 1044; x_wconf 95' lang='lat'>.</span> <span class='ocrx_word' id='word_1_128' title='bbox 1614 1015 1661 1045; x_wconf 86' lang='lat' dir='ltr'>set</span> <span class='ocrx_word' id='word_1_129' title='bbox 1676 1012 1753 1055; x_wconf 77' lang='lat' dir='ltr'>quja</span> 
     </span>
     <span class='ocr_line' id='line_1_13' title="bbox 267 1082 1754 1130; baseline -0.003 -11"><span class='ocrx_word' id='word_1_130' title='bbox 267 1090 399 1130; x_wconf 80' lang='lat' dir='ltr'>nepotes</span> <span class='ocrx_word' id='word_1_131' title='bbox 426 1086 498 1129; x_wconf 84' lang='lat' dir='ltr'>ejus</span> <span class='ocrx_word' id='word_1_132' title='bbox 523 1086 645 1117; x_wconf 70' lang='lat' dir='ltr'>fuimus</span> <span class='ocrx_word' id='word_1_133' title='bbox 666 1088 699 1117; x_wconf 85' lang='lat' dir='ltr'>et</span> <span class='ocrx_word' id='word_1_134' title='bbox 720 1084 824 1116; x_wconf 77' lang='lat' dir='ltr'>voluit</span> <span class='ocrx_word' id='word_1_135' title='bbox 844 1094 902 1115; x_wconf 91' lang='lat' dir='ltr'>nos</span> <span class='ocrx_word' id='word_1_136' title='bbox 924 1094 1120 1126; x_wconf 88' lang='lat' dir='ltr'>promovere.</span> <span class='ocrx_word' id='word_1_137' title='bbox 1167 1082 1214 1115; x_wconf 87' lang='lat' dir='ltr'>Et</span> <span class='ocrx_word' id='word_1_138' title='bbox 1237 1082 1296 1115; x_wconf 89' lang='lat' dir='ltr'>hoc</span> <span class='ocrx_word' id='word_1_139' title='bbox 1316 1084 1423 1113; x_wconf 86' lang='lat' dir='ltr'>totum</span> <span class='ocrx_word' id='word_1_140' title='bbox 1446 1082 1570 1114; x_wconf 75' lang='lat' dir='ltr'>factum</span> <span class='ocrx_word' id='word_1_141' title='bbox 1597 1084 1646 1114; x_wconf 83' lang='lat' dir='ltr'>est</span> <span class='ocrx_word' id='word_1_142' title='bbox 1667 1093 1754 1114; x_wconf 85' lang='lat' dir='ltr'>anno</span> 
     </span>
     <span class='ocr_line' id='line_1_14' title="bbox 267 1150 1753 1196; baseline -0.005 -7"><span class='ocrx_word' id='word_1_143' title='bbox 267 1156 403 1190; x_wconf 86' lang='lat' dir='ltr'>Domini</span> <span class='ocrx_word' id='word_1_144' title='bbox 426 1161 472 1188; x_wconf 67' lang='grc' dir='ltr'>ΜΟ·</span> <span class='ocrx_word' id='word_1_145' title='bbox 505 1160 560 1187; x_wconf 78' lang='lat'>00⁰·</span> <span class='ocrx_word' id='word_1_146' title='bbox 595 1160 683 1186; x_wconf 78' lang='lat' dir='ltr'><strong>xxx0·</strong></span> <span class='ocrx_word' id='word_1_147' title='bbox 701 1156 817 1196; x_wconf 84' lang='lat' dir='ltr'>quarto</span> <span class='ocrx_word' id='word_1_148' title='bbox 840 1154 875 1185; x_wconf 88' lang='lat' dir='ltr'>in</span> <span class='ocrx_word' id='word_1_149' title='bbox 899 1152 1080 1195; x_wconf 83' lang='lat' dir='ltr'>septimana</span> <span class='ocrx_word' id='word_1_150' title='bbox 1103 1151 1308 1183; x_wconf 87' lang='lat' dir='ltr'>Pentecostes</span> <span class='ocrx_word' id='word_1_151' title='bbox 1330 1151 1365 1182; x_wconf 91' lang='lat' dir='ltr'>in</span> <span class='ocrx_word' id='word_1_152' title='bbox 1389 1151 1520 1183; x_wconf 80' lang='lat' dir='ltr'>ecclesia</span> <span class='ocrx_word' id='word_1_153' title='bbox 1543 1151 1583 1183; x_wconf 89' lang='lat' dir='ltr'>de</span> <span class='ocrx_word' id='word_1_154' title='bbox 1606 1150 1753 1182; x_wconf 74' lang='lat' dir='ltr'><strong>LANDAF</strong></span> 
     </span>
     <span class='ocr_line' id='line_1_15' title="bbox 267 1219 1753 1263; baseline -0.005 -5"><span class='ocrx_word' id='word_1_155' title='bbox 267 1237 374 1259; x_wconf 79' lang='lat' dir='ltr'>coram</span> <span class='ocrx_word' id='word_1_156' title='bbox 393 1225 525 1257; x_wconf 89' lang='lat' dir='ltr'>domino</span> <span class='ocrx_word' id='word_1_157' title='bbox 546 1223 643 1256; x_wconf 75' lang='lat' dir='ltr'><strong>ELYA</strong></span> <span class='ocrx_word' id='word_1_158' title='bbox 670 1227 748 1255; x_wconf 89' lang='lat' dir='ltr'>tunc</span> <span class='ocrx_word' id='word_1_159' title='bbox 769 1222 1005 1254; x_wconf 77' lang='lat' dir='ltr'><strong>LANDAVENSE</strong></span> <span class='ocrx_word' id='word_1_160' title='bbox 1022 1221 1169 1263; x_wconf 86' lang='lat' dir='ltr'>episcopo</span> <span class='ocrx_word' id='word_1_161' title='bbox 1186 1246 1192 1252; x_wconf 94' lang='lat'>.</span> <span class='ocrx_word' id='word_1_162' title='bbox 1211 1222 1243 1252; x_wconf 87' lang='lat' dir='ltr'>et</span> <span class='ocrx_word' id='word_1_163' title='bbox 1259 1219 1437 1252; x_wconf 70' lang='lat' dir='ltr'>MAmumo</span> <span class='ocrx_word' id='word_1_164' title='bbox 1453 1219 1677 1252; x_wconf 68' lang='lat' dir='ltr'>archidiacono</span> <span class='ocrx_word' id='word_1_165' title='bbox 1696 1245 1702 1251; x_wconf 92' lang='lat'><strong>.</strong></span> <span class='ocrx_word' id='word_1_166' title='bbox 1720 1222 1753 1252; x_wconf 88' lang='lat' dir='ltr'>et</span> 
     </span>
     <span class='ocr_line' id='line_1_16' title="bbox 267 1288 1755 1334; baseline -0.006 -6"><span class='ocrx_word' id='word_1_167' title='bbox 267 1295 380 1328; x_wconf 86' lang='lat' dir='ltr'>multis</span> <span class='ocrx_word' id='word_1_168' title='bbox 409 1297 478 1327; x_wconf 82' lang='lat' dir='ltr'>tam</span> <span class='ocrx_word' id='word_1_169' title='bbox 509 1293 670 1326; x_wconf 82' lang='lat' dir='ltr'>canonicis</span> <span class='ocrx_word' id='word_1_170' title='bbox 700 1303 798 1334; x_wconf 85' lang='lat' dir='ltr'>quam</span> <span class='ocrx_word' id='word_1_171' title='bbox 830 1291 951 1324; x_wconf 81' lang='lat' dir='ltr'>clericis</span> <span class='ocrx_word' id='word_1_172' title='bbox 982 1290 1128 1333; x_wconf 85' lang='lat' dir='ltr'>ejusdem</span> <span class='ocrx_word' id='word_1_173' title='bbox 1159 1289 1287 1321; x_wconf 83' lang='lat' dir='ltr'>ecclesie</span> <span class='ocrx_word' id='word_1_174' title='bbox 1319 1315 1325 1320; x_wconf 92' lang='lat'>.</span> <span class='ocrx_word' id='word_1_175' title='bbox 1358 1292 1391 1321; x_wconf 83' lang='lat' dir='ltr'>et</span> <span class='ocrx_word' id='word_1_176' title='bbox 1421 1300 1529 1321; x_wconf 82' lang='lat' dir='ltr'>eoram</span> <span class='ocrx_word' id='word_1_177' title='bbox 1568 1288 1658 1320; x_wconf 66' lang='lat' dir='ltr'>Rssso</span> <span class='ocrx_word' id='word_1_178' title='bbox 1688 1288 1755 1320; x_wconf 82' lang='lat' dir='ltr'>fflio</span> 
     </span>
     <span class='ocr_line' id='line_1_17' title="bbox 267 1358 1753 1401; baseline -0.005 -4"><span class='ocrx_word' id='word_1_179' title='bbox 267 1365 433 1397; x_wconf 63' lang='lat' dir='ltr'>Gmrmm</span> <span class='ocrx_word' id='word_1_180' title='bbox 471 1367 504 1395; x_wconf 85' lang='lat' dir='ltr'>et</span> <span class='ocrx_word' id='word_1_181' title='bbox 543 1363 654 1395; x_wconf 85' lang='lat' dir='ltr'>multis</span> <span class='ocrx_word' id='word_1_182' title='bbox 691 1362 763 1393; x_wconf 86' lang='lat' dir='ltr'>aliis</span> <span class='ocrx_word' id='word_1_183' title='bbox 803 1386 809 1392; x_wconf 93' lang='lat'>.</span> <span class='ocrx_word' id='word_1_184' title='bbox 846 1361 1005 1393; x_wconf 80' lang='lat' dir='ltr'>existente</span> <span class='ocrx_word' id='word_1_185' title='bbox 1035 1360 1147 1392; x_wconf 88' lang='lat' dir='ltr'>eodem</span> <span class='ocrx_word' id='word_1_186' title='bbox 1181 1358 1405 1391; x_wconf 82' lang='lat' dir='ltr'>archidiacono</span> <span class='ocrx_word' id='word_1_187' title='bbox 1440 1361 1644 1401; x_wconf 77' lang='lat' dir='ltr'>procuratore</span> <span class='ocrx_word' id='word_1_188' title='bbox 1674 1358 1753 1391; x_wconf 83' lang='lat' dir='ltr'>dicti</span> 
     </span>
     <span class='ocr_line' id='line_1_18' title="bbox 268 1427 1757 1470; baseline -0.006 -3"><span class='ocrx_word' id='word_1_189' title='bbox 268 1433 420 1467; x_wconf 83' lang='lat' dir='ltr'>avunculi</span> <span class='ocrx_word' id='word_1_190' title='bbox 448 1436 557 1466; x_wconf 84' lang='lat' dir='ltr'>nostra</span> <span class='ocrx_word' id='word_1_191' title='bbox 583 1443 649 1464; x_wconf 88' lang='lat' dir='ltr'>una</span> <span class='ocrx_word' id='word_1_192' title='bbox 678 1443 751 1463; x_wconf 88' lang='lat' dir='ltr'>cum</span> <span class='ocrx_word' id='word_1_193' title='bbox 776 1431 877 1462; x_wconf 71' lang='lat' dir='ltr'>fratre</span> <span class='ocrx_word' id='word_1_194' title='bbox 906 1429 1074 1462; x_wconf 76' lang='lat' dir='ltr'><strong>JOHANNE</strong></span> <span class='ocrx_word' id='word_1_195' title='bbox 1099 1432 1178 1460; x_wconf 82' lang='lat' dir='ltr'>tunc</span> <span class='ocrx_word' id='word_1_196' title='bbox 1199 1427 1315 1460; x_wconf 75' lang='lat' dir='ltr'>abbate</span> <span class='ocrx_word' id='word_1_197' title='bbox 1339 1428 1379 1459; x_wconf 91' lang='lat' dir='ltr'>de</span> <span class='ocrx_word' id='word_1_198' title='bbox 1400 1427 1566 1459; x_wconf 75' lang='lat' dir='ltr'>MARGAN.</span> <span class='ocrx_word' id='word_1_199' title='bbox 1613 1427 1659 1459; x_wconf 82' lang='lat' dir='ltr'>Et</span> <span class='ocrx_word' id='word_1_200' title='bbox 1680 1428 1757 1470; x_wconf 84' lang='lat' dir='ltr'>quia</span> 
     </span>
     <span class='ocr_line' id='line_1_19' title="bbox 268 1497 1759 1547; baseline -0.005 -11"><span class='ocrx_word' id='word_1_201' title='bbox 268 1504 398 1547; x_wconf 75' lang='lat' dir='ltr'>propria</span> <span class='ocrx_word' id='word_1_202' title='bbox 417 1503 525 1545; x_wconf 82' lang='lat' dir='ltr'>sigilla</span> <span class='ocrx_word' id='word_1_203' title='bbox 544 1513 610 1534; x_wconf 91' lang='lat' dir='ltr'>non</span> <span class='ocrx_word' id='word_1_204' title='bbox 633 1500 807 1533; x_wconf 73' lang='lat' dir='ltr'>habuimus</span> <span class='ocrx_word' id='word_1_205' title='bbox 830 1499 974 1542; x_wconf 86' lang='lat' dir='ltr'>sigillum</span> <span class='ocrx_word' id='word_1_206' title='bbox 995 1498 1118 1530; x_wconf 86' lang='lat' dir='ltr'>domini</span> <span class='ocrx_word' id='word_1_207' title='bbox 1140 1497 1229 1529; x_wconf 63' lang='lat' dir='ltr'>Eme</span> <span class='ocrx_word' id='word_1_208' title='bbox 1252 1500 1330 1529; x_wconf 79' lang='lat' dir='ltr'>tuno</span> <span class='ocrx_word' id='word_1_209' title='bbox 1352 1497 1596 1529; x_wconf 81' lang='lat' dir='ltr'>LANDAVENSIS</span> <span class='ocrx_word' id='word_1_210' title='bbox 1619 1497 1759 1540; x_wconf 83' lang='lat' dir='ltr'>episcopi</span> 
     </span>
     <span class='ocr_line' id='line_1_20' title="bbox 269 1566 1759 1616; baseline -0.005 -10"><span class='ocrx_word' id='word_1_211' title='bbox 269 1578 302 1606; x_wconf 84' lang='lat' dir='ltr'>et</span> <span class='ocrx_word' id='word_1_212' title='bbox 340 1573 485 1616; x_wconf 85' lang='lat' dir='ltr'>sigillum</span> <span class='ocrx_word' id='word_1_213' title='bbox 525 1571 657 1614; x_wconf 83' lang='lat' dir='ltr'>capituli</span> <span class='ocrx_word' id='word_1_214' title='bbox 697 1570 844 1612; x_wconf 82' lang='lat' dir='ltr'>ejusdem</span> <span class='ocrx_word' id='word_1_215' title='bbox 882 1568 1012 1601; x_wconf 81' lang='lat' dir='ltr'>ecclesie</span> <span class='ocrx_word' id='word_1_216' title='bbox 1043 1568 1084 1599; x_wconf 87' lang='lat' dir='ltr'>ad</span> <span class='ocrx_word' id='word_1_217' title='bbox 1114 1567 1287 1609; x_wconf 86' lang='lat' dir='ltr'>petitiones</span> <span class='ocrx_word' id='word_1_218' title='bbox 1317 1570 1443 1599; x_wconf 84' lang='lat' dir='ltr'>nostras</span> <span class='ocrx_word' id='word_1_219' title='bbox 1470 1566 1610 1608; x_wconf 84' lang='lat' dir='ltr'>presenti</span> <span class='ocrx_word' id='word_1_220' title='bbox 1642 1566 1759 1609; x_wconf 86' lang='lat' dir='ltr'>scripto</span> 
     </span>
     <span class='ocr_line' id='line_1_21' title="bbox 270 1634 1756 1685; baseline -0.006 -10"><span class='ocrx_word' id='word_1_221' title='bbox 270 1642 390 1685; x_wconf 82' lang='lat' dir='ltr'>apponi</span> <span class='ocrx_word' id='word_1_222' title='bbox 416 1642 559 1674; x_wconf 80' lang='lat' dir='ltr'>fecimus.</span> <span class='ocrx_word' id='word_1_223' title='bbox 609 1640 686 1672; x_wconf 85' lang='lat' dir='ltr'>Hiis</span> <span class='ocrx_word' id='word_1_224' title='bbox 716 1638 852 1671; x_wconf 80' lang='lat' dir='ltr'>testibus</span> <span class='ocrx_word' id='word_1_225' title='bbox 877 1664 883 1670; x_wconf 82' lang='lat'><strong>.</strong></span> <span class='ocrx_word' id='word_1_226' title='bbox 908 1637 1051 1669; x_wconf 91' lang='lat' dir='ltr'>Domino</span> <span class='ocrx_word' id='word_1_227' title='bbox 1082 1636 1171 1668; x_wconf 69' lang='lat' dir='ltr'>Em</span> <span class='ocrx_word' id='word_1_228' title='bbox 1203 1638 1281 1667; x_wconf 85' lang='lat' dir='ltr'>tunc</span> <span class='ocrx_word' id='word_1_229' title='bbox 1311 1635 1457 1678; x_wconf 88' lang='lat' dir='ltr'>episcopo</span> <span class='ocrx_word' id='word_1_230' title='bbox 1488 1634 1724 1667; x_wconf 74' lang='lat' dir='ltr'><strong>LANDAVENSE</strong></span> <span class='ocrx_word' id='word_1_231' title='bbox 1749 1661 1756 1667; x_wconf 90' lang='lat'><strong><em>.</em></strong></span> 
     </span>
     <span class='ocr_line' id='line_1_22' title="bbox 268 1704 1756 1745; baseline -0.006 -1"><span class='ocrx_word' id='word_1_232' title='bbox 268 1712 447 1745; x_wconf 75' lang='lat' dir='ltr'>MAumcio</span> <span class='ocrx_word' id='word_1_233' title='bbox 476 1713 555 1743; x_wconf 88' lang='lat' dir='ltr'>tunc</span> <span class='ocrx_word' id='word_1_234' title='bbox 591 1709 818 1741; x_wconf 82' lang='lat' dir='ltr'>archidiacono</span> <span class='ocrx_word' id='word_1_235' title='bbox 851 1707 1087 1739; x_wconf 75' lang='lat' dir='ltr'>LANDAVENSE</span> <span class='ocrx_word' id='word_1_236' title='bbox 1117 1731 1122 1737; x_wconf 95' lang='lat'>.</span> <span class='ocrx_word' id='word_1_237' title='bbox 1155 1705 1334 1737; x_wconf 66' lang='lat' dir='ltr'>Mmmcm</span> <span class='ocrx_word' id='word_1_238' title='bbox 1366 1704 1500 1736; x_wconf 63' lang='grc' dir='ltr'><strong>(31031οΝ</strong></span> <span class='ocrx_word' id='word_1_239' title='bbox 1531 1704 1756 1736; x_wconf 82' lang='lat' dir='ltr'>thesaurario.</span> 
     </span>
     <span class='ocr_line' id='line_1_23' title="bbox 271 1773 1757 1816; baseline -0.007 -2"><span class='ocrx_word' id='word_1_240' title='bbox 271 1782 436 1814; x_wconf 59' lang='lat' dir='ltr'>Renum-0</span> <span class='ocrx_word' id='word_1_241' title='bbox 460 1781 500 1812; x_wconf 87' lang='lat' dir='ltr'>de</span> <span class='ocrx_word' id='word_1_242' title='bbox 524 1779 624 1812; x_wconf 81' lang='lat' dir='ltr'>Novo</span> <span class='ocrx_word' id='word_1_243' title='bbox 648 1778 821 1810; x_wconf 79' lang='lat' dir='ltr'>CASTELLO</span> <span class='ocrx_word' id='word_1_244' title='bbox 852 1776 1004 1809; x_wconf 84' lang='lat' dir='ltr'>canonico</span> <span class='ocrx_word' id='word_1_245' title='bbox 1028 1775 1264 1807; x_wconf 75' lang='lat' dir='ltr'><strong>LANDAVENSE</strong></span> <span class='ocrx_word' id='word_1_246' title='bbox 1293 1799 1299 1805; x_wconf 92' lang='lat'>.</span> <span class='ocrx_word' id='word_1_247' title='bbox 1329 1774 1485 1816; x_wconf 79' lang='lat' dir='ltr'>magistro</span> <span class='ocrx_word' id='word_1_248' title='bbox 1510 1773 1689 1806; x_wconf 57' lang='lat' dir='ltr'>Msumcm</span> <span class='ocrx_word' id='word_1_249' title='bbox 1716 1774 1757 1805; x_wconf 88' lang='lat' dir='ltr'>de</span> 
     </span>
     <span class='ocr_line' id='line_1_24' title="bbox 272 1841 1760 1890; baseline -0.005 -9"><span class='ocrx_word' id='word_1_250' title='bbox 272 1851 512 1883; x_wconf 69' lang='lat' dir='ltr'><strong>(JRISTCHURGE</strong></span> <span class='ocrx_word' id='word_1_251' title='bbox 540 1875 546 1880; x_wconf 87' lang='lat'>.</span> <span class='ocrx_word' id='word_1_252' title='bbox 573 1848 728 1890; x_wconf 78' lang='lat' dir='ltr'>magistro</span> <span class='ocrx_word' id='word_1_253' title='bbox 756 1847 910 1879; x_wconf 67' lang='lat' dir='ltr'>RmAnno</span> <span class='ocrx_word' id='word_1_254' title='bbox 938 1846 977 1876; x_wconf 90' lang='lat' dir='ltr'>de</span> <span class='ocrx_word' id='word_1_255' title='bbox 1004 1844 1168 1876; x_wconf 76' lang='lat' dir='ltr'>KERLIUN</span> <span class='ocrx_word' id='word_1_256' title='bbox 1197 1869 1203 1874; x_wconf 92' lang='lat'>.</span> <span class='ocrx_word' id='word_1_257' title='bbox 1232 1843 1430 1875; x_wconf 76' lang='lat' dir='ltr'>REYMUNDO</span> <span class='ocrx_word' id='word_1_258' title='bbox 1452 1843 1491 1874; x_wconf 91' lang='lat' dir='ltr'>de</span> <span class='ocrx_word' id='word_1_259' title='bbox 1520 1842 1637 1874; x_wconf 76' lang='lat' dir='ltr'><strong>SULY.</strong></span> <span class='ocrx_word' id='word_1_260' title='bbox 1663 1841 1760 1874; x_wconf 67' lang='lat' dir='ltr'>Win-</span> 
     </span>
     <span class='ocr_line' id='line_1_25' title="bbox 274 1911 1759 1952; baseline -0.007 0"><span class='ocrx_word' id='word_1_261' title='bbox 274 1931 386 1952; x_wconf 75' lang='lat' dir='ltr'><strong>LELMO</strong></span> <span class='ocrx_word' id='word_1_262' title='bbox 417 1920 458 1951; x_wconf 86' lang='lat' dir='ltr'>de</span> <span class='ocrx_word' id='word_1_263' title='bbox 488 1918 614 1950; x_wconf 75' lang='lat' dir='ltr'>REGNY</span> <span class='ocrx_word' id='word_1_264' title='bbox 648 1943 653 1949; x_wconf 91' lang='lat'>.</span> <span class='ocrx_word' id='word_1_265' title='bbox 688 1918 778 1949; x_wconf 58' lang='lat' dir='ltr'>Raso</span> <span class='ocrx_word' id='word_1_266' title='bbox 806 1916 872 1948; x_wconf 86' lang='lat' dir='ltr'>filio</span> <span class='ocrx_word' id='word_1_267' title='bbox 898 1915 1064 1946; x_wconf 66' lang='lat' dir='ltr'>&amp;mmm</span> <span class='ocrx_word' id='word_1_268' title='bbox 1093 1939 1098 1945; x_wconf 95' lang='lat'>.</span> <span class='ocrx_word' id='word_1_269' title='bbox 1127 1913 1218 1945; x_wconf 58' lang='lat' dir='ltr'>Raso</span> <span class='ocrx_word' id='word_1_270' title='bbox 1239 1912 1280 1944; x_wconf 81' lang='lat' dir='ltr'>ab</span> <span class='ocrx_word' id='word_1_271' title='bbox 1304 1911 1511 1944; x_wconf 79' lang='lat' dir='ltr'>KENEWREG</span> <span class='ocrx_word' id='word_1_272' title='bbox 1543 1937 1548 1943; x_wconf 95' lang='lat'>.</span> <span class='ocrx_word' id='word_1_273' title='bbox 1577 1911 1759 1943; x_wconf 64' lang='lat' dir='ltr'>Yommnn‘</span> 
     </span>
     <span class='ocr_line' id='line_1_26' title="bbox 272 1982 1296 2020; baseline -0.007 0"><span class='ocrx_word' id='word_1_274' title='bbox 272 1989 395 2020; x_wconf 73' lang='lat' dir='ltr'><strong>VELYN</strong></span> <span class='ocrx_word' id='word_1_275' title='bbox 426 2013 433 2020; x_wconf 84' lang='lat'><strong>.</strong></span> <span class='ocrx_word' id='word_1_276' title='bbox 462 1987 671 2019; x_wconf 72' lang='lat' dir='ltr'>KENEWREG</span> <span class='ocrx_word' id='word_1_277' title='bbox 700 1986 739 2018; x_wconf 78' lang='lat' dir='ltr'>ab</span> <span class='ocrx_word' id='word_1_278' title='bbox 768 1984 950 2017; x_wconf 74' lang='lat' dir='ltr'>YORUARD’</span> <span class='ocrx_word' id='word_1_279' title='bbox 982 2010 988 2016; x_wconf 95' lang='lat'>.</span> <span class='ocrx_word' id='word_1_280' title='bbox 1019 1986 1051 2015; x_wconf 78' lang='lat' dir='ltr'>et</span> <span class='ocrx_word' id='word_1_281' title='bbox 1078 1982 1190 2014; x_wconf 77' lang='lat' dir='ltr'>multis</span> <span class='ocrx_word' id='word_1_282' title='bbox 1215 1982 1296 2013; x_wconf 75' lang='lat' dir='ltr'>aliis.</span> 
     </span>
    </p>

    <p class='ocr_par' dir='ltr' id='par_1_3' title="bbox 318 2057 817 2098">
     <span class='ocr_line' id='line_1_27' title="bbox 318 2057 817 2098; baseline -0.008 -8"><span class='ocrx_word' id='word_1_283' title='bbox 318 2058 396 2090; x_wconf 82' lang='lat' dir='ltr'>Two</span> <span class='ocrx_word' id='word_1_284' title='bbox 413 2057 504 2096; x_wconf 75' lang='lat' dir='ltr'>scale,</span> <span class='ocrx_word' id='word_1_285' title='bbox 522 2057 603 2088; x_wconf 75' lang='lat' dir='ltr'>dar-k</span> <span class='ocrx_word' id='word_1_286' title='bbox 620 2067 718 2098; x_wconf 85' lang='lat' dir='ltr'>green</span> <span class='ocrx_word' id='word_1_287' title='bbox 736 2067 817 2087; x_wconf 81' lang='lat' dir='ltr'>wax.</span> 
     </span>
    </p>

    <p class='ocr_par' dir='ltr' id='par_1_4' title="bbox 320 2122 1128 2167">
     <span class='ocr_line' id='line_1_28' title="bbox 320 2122 1128 2167; baseline -0.009 -8"><span class='ocrx_word' id='word_1_288' title='bbox 320 2129 346 2159; x_wconf 84' lang='lat' dir='ltr'>l.</span> <span class='ocrx_word' id='word_1_289' title='bbox 395 2127 468 2159; x_wconf 79' lang='lat' dir='ltr'>Seal</span> <span class='ocrx_word' id='word_1_290' title='bbox 485 2126 518 2158; x_wconf 78' lang='lat' dir='ltr'>of</span> <span class='ocrx_word' id='word_1_291' title='bbox 535 2125 658 2167; x_wconf 81' lang='lat' dir='ltr'>Bishop</span> <span class='ocrx_word' id='word_1_292' title='bbox 674 2125 775 2164; x_wconf 79' lang='lat' dir='ltr'>Elias,</span> <span class='ocrx_word' id='word_1_293' title='bbox 793 2135 828 2156; x_wconf 80' lang='lat' dir='ltr'>as</span> <span class='ocrx_word' id='word_1_294' title='bbox 843 2123 963 2161; x_wconf 80' lang='lat' dir='ltr'>before,</span> <span class='ocrx_word' id='word_1_295' title='bbox 981 2122 1128 2164; x_wconf 83' lang='lat' dir='ltr'>chipped.</span> 
     </span>
    </p>

    <p class='ocr_par' dir='ltr' id='par_1_5' title="bbox 316 2190 1235 2235">
     <span class='ocr_line' id='line_1_29' title="bbox 316 2190 1235 2235; baseline -0.008 -7"><span class='ocrx_word' id='word_1_296' title='bbox 316 2198 345 2229; x_wconf 83' lang='lat'>2.</span> <span class='ocrx_word' id='word_1_297' title='bbox 393 2196 467 2228; x_wconf 77' lang='lat' dir='ltr'>Seal</span> <span class='ocrx_word' id='word_1_298' title='bbox 483 2195 517 2226; x_wconf 79' lang='lat' dir='ltr'>of</span> <span class='ocrx_word' id='word_1_299' title='bbox 535 2194 690 2226; x_wconf 73' lang='lat' dir='ltr'>Llandaff</span> <span class='ocrx_word' id='word_1_300' title='bbox 711 2194 853 2235; x_wconf 81' lang='lat' dir='ltr'>chapter,</span> <span class='ocrx_word' id='word_1_301' title='bbox 871 2204 906 2224; x_wconf 80' lang='lat' dir='ltr'>as</span> <span class='ocrx_word' id='word_1_302' title='bbox 920 2191 1040 2231; x_wconf 82' lang='lat' dir='ltr'>before,</span> <span class='ocrx_word' id='word_1_303' title='bbox 1057 2190 1235 2233; x_wconf 79' lang='lat' dir='ltr'>imperfect.</span> 
     </span>
    </p>

    <p class='ocr_par' dir='ltr' id='par_1_6' title="bbox 316 2257 1759 2304">
     <span class='ocr_line' id='line_1_30' title="bbox 316 2257 1759 2304; baseline -0.007 -6"><span class='ocrx_word' id='word_1_304' title='bbox 316 2265 541 2298; x_wconf 84' lang='lat' dir='ltr'>Endorsed—‘</span> <span class='ocrx_word' id='word_1_305' title='bbox 553 2263 651 2296; x_wconf 74' lang='lat' dir='ltr'>Carta</span> <span class='ocrx_word' id='word_1_306' title='bbox 667 2263 808 2296; x_wconf 84' lang='lat' dir='ltr'>filiorum</span> <span class='ocrx_word' id='word_1_307' title='bbox 825 2262 940 2304; x_wconf 82' lang='lat' dir='ltr'>Began</span> <span class='ocrx_word' id='word_1_308' title='bbox 957 2261 997 2293; x_wconf 90' lang='lat' dir='ltr'>de</span> <span class='ocrx_word' id='word_1_309' title='bbox 1013 2259 1103 2292; x_wconf 81' lang='lat' dir='ltr'>finali</span> <span class='ocrx_word' id='word_1_310' title='bbox 1120 2258 1350 2302; x_wconf 89' lang='lat' dir='ltr'>compositione</span> <span class='ocrx_word' id='word_1_311' title='bbox 1366 2258 1452 2290; x_wconf 88' lang='lat' dir='ltr'>inter</span> <span class='ocrx_word' id='word_1_312' title='bbox 1467 2258 1552 2300; x_wconf 87' lang='lat' dir='ltr'>ipsos</span> <span class='ocrx_word' id='word_1_313' title='bbox 1570 2259 1603 2289; x_wconf 81' lang='lat' dir='ltr'>et</span> <span class='ocrx_word' id='word_1_314' title='bbox 1625 2257 1759 2289; x_wconf 83' lang='lat' dir='ltr'>domum</span> 
     </span>
    </p>
   </div>
   <div class='ocr_carea' id='block_1_3' title="bbox 273 2333 1220 2396">
    <p class='ocr_par' dir='ltr' id='par_1_7' title="bbox 273 2333 1220 2396">
     <span class='ocr_line' id='line_1_31' title="bbox 273 2333 493 2377; baseline -0.014 -9"><span class='ocrx_word' id='word_1_315' title='bbox 273 2336 313 2368; x_wconf 89' lang='lat' dir='ltr'>de</span> <span class='ocrx_word' id='word_1_316' title='bbox 328 2333 493 2377; x_wconf 60' lang='lat' dir='ltr'>Max-gan)</span> 
     </span>
     <span class='ocr_line' id='line_1_32' title="bbox 818 2370 1220 2396; baseline -0.007 0"><span class='ocrx_word' id='word_1_317' title='bbox 818 2374 888 2396; x_wconf 57' lang='lat' dir='ltr'>Vide,</span> <span class='ocrx_word' id='word_1_318' title='bbox 907 2372 1041 2395; x_wconf 68' lang='lat' dir='ltr'>ccccxc,</span> <span class='ocrx_word' id='word_1_319' title='bbox 1059 2372 1106 2394; x_wconf 71' lang='lat' dir='ltr'>and</span> <span class='ocrx_word' id='word_1_320' title='bbox 1125 2370 1220 2393; x_wconf 78' lang='lat' dir='ltr'>noxe.</span> 
     </span>
    </p>
   </div>
  </div>
 </body>
</html>
