1998 2724
351 178 414 209 582

983 523 1112 556 DLIV.

322 606 631 641 ABJURATION
663 605 728 638 BY
759 604 998 638 MADDOCH
1030 605 1243 638 VAHHAN
1276 605 1333 638 ΤΟ
1365 605 1577 639 MARGAM
1608 606 1773 639 ABBEY

701 673 761 706 oF
792 673 892 706 THE
922 673 1056 706 MOOR
1087 673 1146 706 OF
1176 674 1392 707 TREIKIK.

846 755 1023 799 [MARGAM
1050 755 1246 798 CHARTER]

347 839 506 873 Omnibus
532 839 674 871 Ouium
693 837 841 870 fidelibus
857 848 986 879 presens
1009 837 1164 879 seriptum
1180 837 1295 869 visuris
1316 837 1367 868 vel
1390 837 1552 869 audituris
1575 836 1791 869 MAnDooHus

307 910 464 943 Vanam
481 908 568 940 filius
584 908 721 940 MAnom
739 906 780 939 ab
797 906 972 939 KNAYTHO
988 907 1125 939 salutem
1140 906 1175 938 in
1192 906 1345 939 Domino.

345 978 511 1010 Noveritis
536 977 729 1010 universitas
746 979 849 1008 vestra
873 976 960 1018 quod
977 986 1037 1018 ego
1066 975 1198 1008 oonsilio
1215 978 1247 1007 et
1263 986 1420 1008 consensu
1444 976 1620 1008 amicorum
1644 986 1789 1008 meorum

305 1048 454 1090 abjuravi
481 1050 512 1079 et
540 1047 686 1088 quietum
714 1045 850 1078 clamavi
875 1047 907 1076 et
931 1045 991 1076 hac
1017 1045 1158 1087 presenti
1186 1048 1273 1076 carta
1297 1045 1483 1077 confirmavi
1510 1045 1581 1077 Deo
1604 1048 1636 1077 et
1660 1045 1790 1077 ecclesie

305 1117 399 1149 beate
431 1115 552 1148 Mnus
585 1116 625 1147 de
651 1115 807 1147 MARGAN
832 1116 863 1146 et
887 1113 1052 1145 monachis
1077 1113 1196 1146 ibidem
1222 1113 1293 1146 Deo
1317 1113 1532 1146 servientibus
1555 1116 1661 1146 totum
1684 1113 1739 1156 jus
1762 1116 1795 1146 et

306 1185 458 1218 elamium
481 1185 567 1227 quod
583 1195 643 1227 ego
659 1185 709 1216 vel
734 1186 946 1216 antecessores
968 1183 1033 1215 mei
1056 1182 1228 1215 habuimus
1252 1183 1302 1214 vel
1326 1194 1384 1215 nos
1407 1181 1524 1215 habere
1547 1182 1734 1215 dicebamus
1757 1182 1792 1214 in

306 1267 395 1287 mora
411 1255 450 1286 de
474 1254 631 1286 Tamum
650 1253 699 1285 vel
723 1254 756 1284 in
772 1253 845 1284 aliis
861 1251 1110 1294 possessionibus
1133 1252 1291 1284 dictorum
1316 1251 1547 1284 monachorum
1564 1277 1570 1282 .
1589 1251 1636 1284 ita
1651 1254 1688 1283 ut
1711 1251 1791 1283 dieti

307 1323 456 1356 monachi
472 1322 615 1355 habeant
630 1325 662 1354 et
679 1324 811 1354 teneant
827 1321 947 1353 dietam
970 1332 1093 1353 moram
1112 1347 1117 1352 .
1136 1323 1168 1353 et
1183 1332 1293 1353 omnes
1309 1321 1388 1352 alias
1411 1323 1511 1352 terras
1527 1323 1559 1352 et
1579 1320 1792 1362 possessiones

309 1403 381 1424 suas
396 1392 495 1424 libere
512 1394 544 1424 et
560 1392 667 1433 quiete
684 1393 716 1423 et
739 1390 868 1433 pacifice
885 1401 942 1432 pro
958 1401 1009 1422 me
1026 1392 1058 1422 et
1074 1389 1222 1422 omnibus
1246 1389 1416 1421 heredibus
1439 1392 1469 1421 et
1495 1388 1645 1421 omnibus
1669 1400 1791 1421 succes-

309 1461 432 1493 soribus
447 1462 526 1492 meis
542 1461 597 1502 qui
620 1462 697 1492 sunt
722 1460 771 1491 vel
794 1471 859 1491 esse
883 1462 1035 1501 poterunt
1059 1459 1319 1500 imperpetuum.
1345 1458 1426 1490 sieut
1450 1458 1518 1490 ulla
1541 1457 1715 1490 elemosina
1741 1457 1791 1489 vel

308 1530 412 1562 ullum
443 1532 666 1561 tenementum
692 1528 824 1560 liberius
854 1527 965 1560 haberi
996 1530 1100 1569 potest
1131 1527 1182 1559 vel
1214 1527 1327 1559 teneri.
1376 1527 1422 1559 Et
1451 1538 1513 1569 ego
1543 1529 1576 1558 et
1601 1526 1736 1558 heredes
1763 1528 1796 1558 et

310 1610 500 1631 successores
528 1599 589 1630 mei
618 1598 713 1630 dictis
743 1596 909 1629 monachis
935 1596 1055 1628 dictam
1082 1595 1225 1638 quietam
1255 1596 1480 1628 clamationem
1512 1594 1794 1627 warentizabimus

311 1672 421 1700 contra
449 1678 559 1699 omnes
586 1667 745 1699 mortales.
793 1666 839 1698 Et
863 1666 1029 1698 sciendum
1055 1665 1141 1707 quod
1168 1676 1229 1707 ego
1256 1665 1384 1696 affidavi
1412 1667 1444 1696 et
1471 1676 1566 1706 super
1593 1666 1796 1696 sacrosancta

311 1737 440 1769 ecclesie
463 1737 502 1769 dc
526 1736 681 1767 MARGAN
701 1735 810 1777 juravi
834 1735 921 1776 quod
945 1734 1052 1766 omnia
1076 1733 1230 1775 premissa
1253 1734 1391 1765 fideliter
1406 1737 1437 1765 et
1461 1733 1529 1765 sine
1553 1733 1626 1765 dolo
1650 1735 1682 1764 et
1705 1732 1795 1764 malo

311 1806 443 1848 ingenio
474 1804 606 1837 servabo
637 1805 670 1836 in
702 1808 904 1846 perpetuum.
968 1803 1013 1835 Et
1043 1805 1079 1834 ut
1109 1802 1263 1844 premissa
1295 1802 1458 1834 firmitatis
1496 1801 1593 1834 robur
1624 1801 1793 1844 optineant

312 1875 550 1916 imperpetuum
567 1899 573 1905 .
592 1884 720 1915 presens
744 1873 898 1914 seriptum
920 1871 1019 1914 sigilli
1035 1871 1098 1903 mei
1115 1871 1314 1913 appositione
1331 1870 1486 1903 roboravi.
1535 1870 1612 1902 Hiis
1631 1869 1768 1902 testibus
1787 1895 1793 1901 .

312 1943 477 1976 Waomw
501 1942 666 1985 capellano
689 1943 729 1974 de
754 1941 973 1974 LANGUNETH
999 1966 1005 1972 .
1032 1939 1209 1972 MAumcxo
1229 1942 1261 1972 et
1283 1940 1374 1972 Ruso
1397 1939 1518 1972 clericis
1535 1966 1540 1971 .
1560 1939 1730 1971 YouvARn
1754 1937 1794 1970 ab

314 2012 422 2044 Esmrs
452 2038 457 2044 .
487 2011 658 2044 Yonvmzx)
681 2011 722 2043 ab
746 2010 942 2043 GISTELARD
970 2034 976 2042 .
1006 2009 1162 2041 Oninoco
1186 2009 1226 2041 ab
1249 2008 1445 2040 Anavmun
1471 2034 1476 2039 .
1501 2011 1534 2040 et
1557 2007 1668 2039 multis
1691 2006 1771 2039 aliis.

358 2081 581 2114 Endorsed—‘
595 2080 661 2122 Abj
668 2080 772 2112 uratio
790 2079 918 2111 Madoci
936 2078 1079 2120 Vahgan
1095 2079 1134 2110 de
1151 2089 1240 2110 mora
1256 2077 1411 2109 Treikik)
