1998 2724
1533 153 1595 184 227

153 314 314 357 predictas
330 313 468 356 capellas
482 313 682 355 pertinentes
704 314 943 356 imperpetuum
968 313 1182 355 possidendas.
1230 312 1410 344 Reddendo
1434 312 1511 344 inde
1534 323 1638 344 annu-

155 384 235 416 atim
259 383 370 415 domui
394 384 433 415 de
457 382 721 415 THEOKEstIA
746 409 752 414 .
778 384 887 415 decem
910 394 1033 415 mareas
1056 408 1061 414 .
1086 383 1120 414 in
1143 382 1284 425 capitulo
1303 383 1343 414 de
1363 382 1636 414 THEOKESBIRIA.

150 453 199 486 Et
228 454 342 485 domus
373 454 413 485 de
443 452 707 485 Tunonnsmnm
739 452 873 484 retinuit
904 452 939 484 in
966 463 1066 484 manu
1092 463 1150 484 sua
1177 462 1286 484 euram
1314 452 1353 484 de
1381 451 1602 494 spiritualibus
1630 475 1639 483 .

153 523 349 565 altaragium
374 548 380 554 .
405 525 438 554 et
459 522 514 565 jus
541 522 749 564 presentandi
776 522 931 554 vicarium
958 522 992 553 in
1020 523 1156 554 eandem
1183 521 1347 554 eeclesiam
1372 547 1379 554 .
1404 525 1443 553 et·
1463 521 1572 553 omnia
1599 520 1640 552 ad

154 593 275 625 dietam
291 592 457 625 ecelesiam
472 591 670 634 pertinentia
685 594 792 634 preter
807 591 950 633 prefatas
965 595 1066 623 terras
1082 596 1114 623 et
1133 591 1282 623 decimas.
1329 590 1456 622 Domus
1477 590 1575 622 etiam
1599 590 1639 621 (le

154 661 419 694 Tnmmzsmnu
436 687 442 693 .
460 673 516 703 per
532 672 564 693 se
582 661 631 693 vel
646 672 703 703 per
723 661 878 693 vicarium
902 672 997 693 suum
1020 660 1112 693 nobis
1135 664 1167 692 et
1190 660 1420 692 suecessoribus
1442 660 1560 692 nostris
1583 671 1641 702 pro

153 731 353 764 sinodalibus
369 734 401 764 et
417 732 529 764 ceteris
547 732 703 764 universis
719 732 761 764 ad
776 731 830 774 jus
846 731 1023 775 episcopale
1039 730 1276 773 pertinentibus
1297 730 1503 773 respondebit
1520 756 1527 762 .
1545 734 1576 762 et
1600 742 1641 763 ne

154 801 213 834 hee
235 805 344 834 nostra
371 805 527 844 perpetua
555 801 754 833 confirmatio
782 801 1036 843 malignantium
1063 800 1270 843 improbitate
1298 800 1396 843 possit
1424 800 1563 843 infringi
1591 800 1642 832 vel

157 871 291 903 decursu
306 871 420 914 magni
439 871 593 914 temporis
608 872 642 903 iu
659 871 796 903 dubium
813 871 959 903 devocari
977 896 983 902 .
1002 882 1073 902 eam
1096 872 1237 913 presenti
1261 870 1378 912 scripto
1402 870 1568 902 munimus
1586 896 1591 901 .
1611 874 1642 902 et

154 940 255 983 sigilli
270 941 372 973 nostri
387 931 588 983 appositione
604 940 800 973 roboramus.
850 939 926 972 Hiis
942 939 1077 972 testibus
1096 939 1245 972 WnoAn’
1263 939 1486 971 arehidiaeono
1503 939 1642 971 LANDA-

155 1021 254 1042 VENSI
289 1035 295 1042 .
329 1009 490 1053 Magistro
518 1009 695 1042 MAumcxo
722 1010 789 1042 filio
816 1009 888 1052 ejus
913 1035 918 1041 .
946 1009 1106 1052 Magistro
1131 1009 1309 1041 WALTERO
1339 1009 1504 1051 capellano
1533 1009 1644 1041 domni

154 1079 294 1122 episcopi
311 1105 317 1111 .
335 1079 495 1122 Magistro
512 1079 706 1112 RADULPHO
726 1079 880 1111 MAUAOK.

197 1148 276 1181 Two
293 1148 498 1181 seals—both
515 1149 585 1181 lost.

197 1218 421 1250 Endorsed—‘
436 1217 647 1251 Confirmatio
663 1218 817 1261 Episcopi
833 1219 873 1250 de
889 1222 974 1250 terra
990 1224 1021 1250 et
1042 1218 1174 1249 ‹leeimis
1191 1218 1319 1249 eeelesie
1336 1219 1376 1249 de
1393 1217 1567 1260 Kenefegs

810 1395 986 1427 CCXXII.

152 1477 456 1510 CHENETHER
494 1478 557 1510 ΟΒ,
596 1477 881 1517 CNAYTHUR‚
916 1477 1005 1510 SON
1045 1477 1104 1509 OF
1143 1477 1387 1517 HEREERT,
1418 1478 1522 1510 AND
1562 1478 1644 1511 HIS

261 1547 532 1580 BRETHREN
582 1547 747 1580 GRANT
799 1547 856 1580 TO
906 1547 1116 1580 MARGAM
1168 1547 1301 1580 LAND
1355 1548 1490 1581 NEAR
1543 1549 1643 1581 THE

260 1617 402 1650 WELL
434 1617 493 1650 OF
525 1617 632 1649 ULF.

616 1686 749 1730 [HARL.
780 1687 956 1726 ΟΗΑΒΤΕΒ,
984 1688 1024 1718 75
1052 1687 1092 1718 Β.
1118 1686 1188 1729 32]
1369 1687 1476 1720 Omma
1501 1689 1596 1721 1189.

195 1768 306 1801 Sciant
331 1781 442 1801 omnes
467 1771 554 1811 quod
580 1781 640 1813 ego
667 1769 887 1801 CHENETHER
915 1774 946 1801 et
973 1769 1090 1801 fratres
1116 1769 1180 1801 mei
1208 1769 1330 1801 scilieet
1357 1770 1521 1802 BLETHIN
1551 1796 1557 1803 .
1584 1771 1637 1804 W.

152 1837 351 1870 CHENWREC
369 1864 375 1869 .
395 1839 553 1871 Rmmfflc
570 1865 574 1869 .
593 1839 743 1871 dedimus
764 1839 893 1871 abbatie
916 1840 956 1871 (le
980 1839 1133 1871 MARGAN
1159 1839 1192 1870 in
1218 1842 1406 1881 perpetuam
1431 1840 1639 1873 elemosinam

149 1906 284 1938 liberam
300 1910 332 1939 et
348 1908 490 1949 quietam
507 1908 548 1941 ab
564 1909 652 1940 omni
668 1909 798 1941 servitio
814 1912 846 1940 et
871 1908 1005 1940 seculari
1029 1909 1194 1941 nxactione
1218 1909 1382 1950 quandam
1406 1912 1531 1950 partem
1554 1913 1638 1942 terre

149 1978 257 2007 nostre
279 1975 453 2009 habentem
475 1980 578 2009 metas
601 1979 687 2010 istas.
735 1978 790 2010 Ab
813 1978 936 2010 oriente
961 1977 1046 2009 viam
1069 1989 1132 2019 que
1155 1978 1244 2010 vadit
1269 1979 1287 2009 -έι
1312 1979 1393 2010 vado
1418 1978 1519 2011 fontis
1544 1979 1636 2012 Um

146 2055 256 2076 versus
268 2047 423 2077 montana
439 2049 470 2078 et
487 2045 527 2078 ab
543 2047 707 2079 occidente
722 2047 908 2090 proximum
923 2047 1065 2079 rivulum
1082 2048 1329 2079 deseendentem
1345 2048 1385 2079 de
1402 2047 1539 2080 bosculo.
1580 2049 1634 2082 Ab

145 2116 254 2145 austro
270 2125 345 2146 vero
361 2114 503 2147 rivulum
519 2127 678 2159 magnum
694 2142 700 2148 .
721 2117 756 2149 in
773 2117 882 2159 aliqua
897 2119 988 2159 parte
1004 2117 1194 2158 interposita
1210 2120 1295 2148 terra
1311 2118 1351 2148 de
1367 2117 1532 2149 MARGAN.
1579 2119 1634 2151 Ab

146 2182 333 2226 aquil[0ne]
352 2186 462 2216 autem
477 2184 601 2227 lapides
618 2186 653 2217 in
678 2186 809 2228 signum
832 2189 917 2218 mete
939 2186 1069 2228 positos.
1117 2186 1268 2218 Testibus
1293 2211 1299 2218 .
1323 2186 1425 2218 frater
1448 2186 1633 2221 MEILERUS

143 2251 301 2284 heremita
319 2277 327 2285 .
345 2252 446 2285 frater
460 2253 483 2285 J
485 2264 641 2287 ORDANUS
653 2278 661 2286 .
672 2256 774 2288 frater
790 2255 897 2288 Hneo
912 2280 918 2286 .
932 2255 1035 2287 frater
1051 2255 1228 2287 RmARnus
1244 2255 1387 2287 conversi
1401 2281 1407 2287 .
1425 2254 1630 2301 [URBANUs]
