1998 2724
1525 171 1588 202 507

860 368 943 401 DII.

235 451 463 484 OHARTER
493 451 553 483 OF
584 450 758 483 HENRY
788 450 870 490 ΙΠ.,
904 448 1155 483 GRANTING
1185 448 1483 482 PROTEOTION
1513 449 1571 482 ΤΟ

694 519 905 552 MARGAM
934 518 1108 551 ABBEY.

620 600 794 644 [MARGAM
818 599 1012 643 CHARTER]
1060 601 1102 632 20
1115 599 1204 632 Nov.
1236 600 1277 631 21
1292 599 1465 632 HENJII.
1499 600 1593 632 1236.

205 684 388 717 HEchns
411 683 475 716 Dei
497 683 604 727 gratia
627 683 701 715 Rex
723 682 873 722 ΑΝΘΙᾸΕ,
890 682 1040 715 dominus
1063 682 1256 722 Hmnnmn,
1278 682 1345 714 dux
1368 681 1586 714 Nonummn
1608 685 1642 715 et

162 765 268 786 comes
289 753 511 792 ANDEGAVIE‚
534 751 732 796 justiciariis,
754 751 1003 791 vicecomitibus,
1027 750 1205 794 prepositis,
1228 753 1259 783 et
1283 750 1432 784 omnibus
1454 751 1583 784 ballivis
1608 754 1641 784 et

162 821 310 855 fidelibus
325 822 391 854 suis
405 821 553 854 salutem.

208 890 323 923 Sciatis
339 891 424 932 quod
439 889 537 922 abbas
556 893 588 922 et
607 889 758 922 monachi
780 892 813 921 et
836 890 978 922 conversi
1001 892 1031 921 et
1058 890 1173 921 domus
1197 890 1237 921 de
1264 889 1419 921 MARGAN
1447 892 1479 922 et
1505 890 1643 933 grang-ie

167 960 313 1003 ejusdem
329 960 443 991 domus
458 961 534 991 sunt
548 959 584 991 in
601 958 746 991 custodia
761 960 793 991 et
808 958 1005 1001 protectione
1020 961 1139 990 nostra.
1186 957 1232 990 Et
1249 958 1322 991 ideo
1338 958 1430 991 vobis
1450 959 1643 991 mandamus

165 1031 197 1061 et
227 1028 362 1061 firmiter
391 1027 585 1070 precipimus
615 1028 702 1070 quod
732 1038 785 1059 eos
815 1029 847 1059 et
881 1027 988 1059 omnia
1024 1039 1080 1059 sua
1117 1027 1304 1060 custodiatis
1338 1027 1575 1060 manuteneatis
1610 1030 1644 1060 et

165 1097 346 1130 defendatis
362 1096 444 1129 sicut
458 1099 567 1129 nostra
582 1096 743 1129 dominica
760 1123 767 1128 .
785 1098 817 1129 et
833 1108 899 1129 non
914 1096 1038 1128 satiatis
1054 1098 1111 1128 aut
1126 1095 1196 1128 fieri
1217 1096 1412 1138 permittatis
1432 1097 1478 1129 eis
1500 1096 1643 1139 aliquam

166 1166 323 1210 injuriam
338 1177 513 1209 gravamen
529 1168 586 1197 aut
601 1165 792 1198 molestiam.
839 1165 886 1198 Et
901 1165 928 1197 si
943 1165 988 1197 eis
1003 1165 1037 1197 in
1054 1165 1162 1207 aliquo
1178 1165 1381 1198 forisfactum
1401 1166 1501 1198 fuerit
1519 1192 1525 1198 .
1541 1166 1576 1198 id
1598 1166 1644 1198 eis

166 1235 234 1267 sine
250 1234 404 1266 dilatione
419 1234 544 1267 satiatis
559 1235 733 1267 emendari.
780 1234 826 1267 Et
842 1235 1053 1267 concessimus
1068 1235 1114 1267 eis
1129 1236 1214 1277 quod
1231 1235 1296 1267 sint
1312 1235 1413 1277 quieti
1432 1236 1472 1268 de
1493 1235 1644 1268 theloneo

165 1305 199 1335 et
214 1303 302 1336 omni
317 1303 380 1335 alia
397 1303 626 1336 consuetudine
641 1316 698 1346 per
714 1315 825 1337 omnes
840 1306 942 1336 terras
960 1284 1085 1336 nostras
1105 1305 1145 1336 de
1166 1303 1262 1336 blado
1282 1306 1315 1336 et
1338 1305 1378 1336 (19
1402 1304 1550 1337 omnibus
1572 1305 1645 1337 aliis

166 1371 261 1404 rebus
277 1383 338 1414 que
353 1373 395 1404 ad
411 1384 490 1414 opus
508 1384 603 1404 suum
623 1373 790 1415 proprium
811 1373 947 1405 emerint
969 1373 1020 1404 vel
1043 1373 1083 1404 de
1106 1384 1163 1405 suo
1186 1373 1314 1415 proprio
1337 1373 1552 1405 vendiderint.
1598 1373 1645 1405 Et

166 1441 372 1484 prohibemus
386 1453 427 1473 ne
443 1441 515 1484 quis
530 1453 625 1484 super
646 1441 705 1474 hoc
726 1453 779 1474 eos
800 1441 957 1484 impediat
977 1453 1072 1484 super
1095 1441 1333 1474 forisfacturam
1356 1442 1466 1474 decem
1488 1441 1644 1475 librarum

165 1510 208 1542 ad
230 1521 310 1552 opus
332 1512 477 1542 nostrum
500 1512 532 1543 et
555 1510 675 1553 viginti
697 1511 873 1543 solidorum
896 1511 937 1542 ad
965 1521 1044 1552 opus
1071 1510 1265 1542 vicecomitis
1291 1511 1393 1543 nostri
1417 1536 1424 1543 .
1449 1511 1531 1543 sicut
1557 1514 1646 1544 carta

167 1579 290 1610 domini
306 1578 328 1610 J
330 1589 481 1610 OHANNIS
502 1578 605 1622 Regis
625 1579 726 1621 patris
748 1579 850 1611 nostri
874 1590 971 1621 quam
994 1579 1069 1610 inde
1092 1578 1214 1611 habent
1236 1579 1472 1612 rationabiliter
1496 1582 1643 1612 testatur.

166 1647 245 1679 Hiis
260 1647 395 1679 testibus
412 1673 418 1679 .
437 1647 650 1690 H[UMFR1D0
666 1648 705 1679 (19
721 1647 866 1690 ΒοΗυΝ]
886 1648 1001 1680 comite
1022 1647 1255 1679 HEREFORDIE
1273 1674 1279 1680 .
1298 1648 1460 1680 Romzm
1483 1650 1523 1681 de
1547 1649 1616 1682 Ros
1636 1675 1643 1682 .

168 1715 364 1748 WILLELMO
380 1716 420 1748 de
436 1715 598 1748 BALEGH'
617 1742 622 1748 .
642 1716 802 1749 RoBERTo
818 1717 858 1748 de
875 1717 1075 1748 MUSCEGROS
1093 1742 1099 1748 .
1119 1716 1319 1749 Gonssrmno
1342 1717 1382 1750 de
1406 1717 1617 1750 CRAUCUMBE
1636 1744 1643 1750 .

166 1784 351 1816 AMAnmco
367 1784 407 1816 (19
422 1783 540 1817 Sancto
556 1785 711 1817 AMANno
727 1811 733 1817 .
752 1785 1010 1817 BARmoLoMEo
1026 1786 1066 1817 de
1082 1784 1306 1818 SAUKEVILLA
1323 1812 1329 1818 .
1346 1789 1378 1818 et
1395 1787 1476 1819 aliis.

212 1853 338 1886 Datum
360 1865 418 1896 per
437 1865 571 1886 manum
592 1854 783 1887 venerabilis
804 1854 905 1897 patris
925 1853 1132 1897 Mine-mn
1149 1854 1188 1886 (19
1204 1853 1382 1898 NEVILLE]
1401 1855 1645 1888 CYCESTRENSIS

168 1921 307 1964 episcopi
323 1922 503 1954 cancellarii
518 1922 620 1955 nostri
635 1924 723 1965 apud
739 1923 945 1956 RAmNGmM
960 1928 1025 1955 xx0·
1045 1922 1097 1955 die
1114 1922 1309 1955 Novembris
1329 1935 1415 1956 anno
1435 1924 1529 1966 regni
1544 1925 1645 1957 nostri

170 1991 317 2023 vicesimo
332 1990 445 2033 primo.

212 2059 312 2091 G‘reat
335 2059 400 2091 seal
423 2059 457 2091 of
479 2059 573 2103 King
597 2060 716 2103 Henry
737 2060 818 2100 ΙΠ.,
835 2061 869 2093 in
891 2072 990 2104 green
1010 2072 1091 2100 wax,
1114 2072 1191 2102 very
1213 2061 1391 2103 imperfect,
1409 2063 1578 2104 appended
1600 2062 1645 2105 by

168 2128 291 2171 plaited
306 2127 443 2160 bobbins
458 2128 492 2160 of
514 2129 572 2160 red
587 2128 709 2161 taffeta.

212 2196 435 2229 Endorsed—‘
447 2196 608 2230 Protectio
624 2196 762 2230 Hem-ici
779 2197 881 2240 Regis
896 2197 1020 2240 Anglie
1036 2197 1135 2229 tercii.
1182 2197 1228 2230 Et
1245 2197 1407 2240 quitantia
1422 2198 1586 2231 tholonei.’
