1998 2724
1544 148 1606 179 647

218 308 356 341 Noverit
381 307 573 340 universitas
597 310 702 339 vestra
725 318 776 339 me
801 306 980 339 vendidisse
1004 305 1113 338 abbati
1139 308 1170 337 et
1195 304 1367 337 conventui
1394 305 1434 336 de
1461 304 1615 336 MARGAN
1641 330 1646 336 .

175 378 316 410 reditum
347 377 489 419 quinque
527 376 732 408 denariorum
765 376 799 407 in
837 375 953 418 quibus
990 375 1071 407 mihi
1108 374 1303 406 tenebantur
1333 373 1463 406 nomine
1495 373 1618 405 reditus
1643 399 1648 404 .

175 446 303 479 scilieet.
350 445 392 477 In
416 447 553 488 quatuor
576 445 717 477 denariis
740 445 779 477 de
803 448 887 477 terra
911 456 972 487 que
995 444 1060 476 fuit
1083 443 1254 476 MAUfflcn
1279 442 1388 474 fratris
1411 442 1475 474 mei
1501 468 1506 474 .
1532 444 1563 473 et
1586 453 1650 474 uno

175 515 306 547 denario
322 516 362 547 de
377 514 486 547 ffeudo
502 525 574 546 meo
601 540 607 546 .
632 525 690 556 pro
706 516 844 556 quatuor
859 514 968 545 solidis
984 513 1212 556 sterlingorum
1237 538 1243 544 .
1269 523 1348 554 quos
1363 511 1495 554 quidem
1511 514 1649 553 quatuor

175 584 290 616 solidos
305 610 311 615 .
324 583 461 626 predicti
476 583 626 615 monaehi
642 583 722 615 mihi
739 586 932 625 paeaverunt
950 583 984 614 in
1000 582 1228 625 urgentissima
1244 581 1431 613 necessitate
1447 592 1528 612 mea.
1575 579 1649 622 Ego

176 664 250 685 vero
275 652 418 685 Tnoms
446 655 478 684 et
504 652 637 684 heredes
664 652 727 684 mei
756 677 762 683 .
790 652 873 684 hane
900 652 1121 684 vendicionem
1146 662 1251 683 meam
1280 677 1285 682 .
1315 650 1457 693 predicto
1485 649 1593 681 abbati
1619 652 1652 680 et

176 722 348 754 eonventui
379 724 489 754 eontra
520 733 631 754 omnes
661 721 807 753 homines
837 721 1074 763 imperpetuum
1105 719 1393 752 warentizabimus.
1450 718 1495 750 Et
1526 721 1562 750 ut
1593 718 1652 750 heo

176 791 320 823 venditio
344 802 416 823 mea
440 791 602 823 firmitatis
626 790 724 823 robur
748 791 782 822 in
806 793 970 833 posterum
998 790 1141 832 optineat
1169 815 1175 821 .
1200 789 1340 832 presenti
1365 788 1482 831 scripto
1507 787 1651 830 sigillum

175 871 284 892 meum
311 860 454 902 apposui.
512 859 590 892 Hiis
614 859 749 891 testibus
777 886 782 891 .
817 858 994 891 WAm-Eno
1022 858 1140 891 LovEL
1170 884 1175 889 .
1204 858 1376 890 Pffimpo
1403 858 1443 889 de
1467 856 1621 888 Comum
1647 882 1653 887 .

178 928 374 962 WILLELMO
390 928 653 960 FFRANKELEYN
672 955 677 961 .
696 928 868 960 Pmnn’ro
885 928 996 959 clerieo
1014 954 1020 959 .
1039 927 1216 960 MAUthlo
1241 926 1417 959 GRAMMUS
1435 952 1440 957 .
1459 929 1490 958 et
1507 926 1587 957 aliis.

224 997 307 1030 Fine
323 998 388 1030 seal
403 998 437 1030 in
454 1009 553 1041 green
568 1009 649 1038 wax,
667 1009 701 1029 as
717 998 751 1029 in
768 997 862 1029 Harl.
881 998 1025 1036 Charter,
1043 997 1084 1029 75
1103 996 1138 1029 C.
1158 997 1210 1028 11.

223 1067 446 1099 Endorsed—‘
463 1067 560 1100 Carta
610 1066 733 1099 'rhome
779 1066 951 1099 Grammus
998 1067 1036 1097 de
1080 1066 1279 1098 relaxatione
1323 1065 1470 1097 redditus
1516 1063 1659 1106 quinque

179 1136 406 1168 denariorum.'

835 1236 1003 1269 DOXIII.

177 1317 339 1351 GRANT
377 1318 444 1351 BY
485 1318 706 1351 MAURIGE
751 1318 868 1351 OROO
910 1318 969 1350 OF
1010 1316 1286 1357 LfflDMAYS,
1331 1316 1389 1349 ΤΟ
1429 1315 1651 1350 WILLIAM

288 1387 496 1420 MAUDUT
533 1387 635 1421 AND
673 1387 906 1421 JOHANNA
943 1387 1025 1419 HIS
1064 1386 1203 1426 WIFE,
1240 1386 1299 1419 OF
1345 1385 1467 1418 NINE
1505 1383 1657 1417 ACRES

289 1456 348 1489 OF
385 1456 518 1490 LAND
557 1457 611 1489 IN
649 1457 914 1490 LANDMAYS
954 1456 1056 1495 FEE,
1090 1456 1225 1489 NEAR
1264 1454 1564 1488 OOWBRIDGE.

549 1538 665 1582 [ERIT.
694 1539 782 1571 Mns.
810 1540 899 1571 Ann.
929 1539 1105 1576 CHARTmz,
1133 1537 1281 1580 26‚707.]
1393 1537 1499 1569 Omma
1518 1536 1610 1568 1262.

219 1619 329 1652 Sciant
344 1623 505 1662 presentes
526 1624 559 1653 et
579 1621 683 1653 futuri
702 1621 789 1663 quod
804 1632 864 1663 ego
888 1620 1085 1652 MAumcms
1110 1619 1196 1651 Onoc
1215 1620 1254 1651 de
1275 1618 1468 1650 LANDMAYS
1490 1618 1565 1649 dedi
1581 1629 1653 1650 eon-

174 1689 250 1721 cessi
266 1691 297 1721 et
312 1689 372 1721 hae
386 1690 526 1732 presenti
542 1693 629 1722 carta
645 1702 717 1722 mea
732 1690 919 1722 confirmavi
935 1689 1130 1722 WILLELMO
1152 1689 1307 1721 MAUDUT
1329 1690 1360 1720 et
1377 1688 1399 1721 J
1401 1698 1543 1720 OHANNE
1560 1686 1653 1719 uxori

173 1769 228 1790 sue
244 1769 360 1790 novem
376 1770 463 1790 aeras
490 1761 573 1791 terre
589 1759 719 1791 arabilis
739 1760 779 1791 de
806 1759 906 1791 libero
928 1760 1113 1790 tenemento
1135 1769 1206 1790 meo
1227 1758 1262 1789 in
1282 1757 1378 1790 feodo
1399 1757 1439 1789 de
1460 1756 1652 1789 LANDMAYS

172 1838 310 1869 quarum
322 1830 459 1869 quatuor
471 1839 541 1860 aere
557 1828 665 1870 jacent
677 1828 829 1861 continue
842 1829 884 1860 ad
896 1828 1002 1860 locum
1015 1828 1070 1870 qui
1083 1830 1214 1859 vocatur
1227 1830 1234 1844 ‘
1243 1826 1401 1859 COPPEDE
1419 1836 1534 1858 THORN
1543 1825 1550 1838 ¹
1568 1825 1652 1856 inter

172 1897 394 1928 tenementum
410 1907 519 1928 meum
534 1897 569 1928 in
585 1899 675 1939 parte
691 1897 825 1929 australi
847 1899 879 1929 et
899 1900 1018 1929 terram
1040 1908 1137 1938 quam
1162 1896 1223 1938 ipsi
1244 1897 1356 1928 tenent
1378 1896 1418 1927 de
1438 1906 1489 1926 me
1510 1894 1545 1926 in
1561 1896 1652 1936 parto

173 1965 288 1998 boriali
313 1968 345 1998 et
366 1966 548 1998 extendunt
570 1966 611 1999 ab
634 1967 796 1999 occidente
820 1978 928 1998 versus
951 1966 1107 1998 orientem
1133 1977 1226 2008 super
1251 1965 1398 1997 semitam
1419 1976 1481 2006 que
1502 1963 1590 1996 ducit
1614 1964 1654 1995 de

171 2033 363 2067 LANDMAYS
394 2046 503 2067 versus
534 2035 717 2068 OovnRUGE
749 2038 781 2068 et
811 2047 877 2068 una
907 2047 979 2067 acra
1008 2035 1094 2078 jacet
1125 2035 1166 2066 ad
1196 2037 1292 2077 eaput
1323 2034 1482 2066 dictorum
1513 2035 1651 2075 quatuor

170 2114 317 2135 aerarum
331 2103 366 2135 in
381 2106 472 2146 parte
489 2104 677 2136 occidentali
698 2116 760 2147 que
775 2106 908 2136 vocatur
929 2104 1019 2136 ‘For
1042 2114 1128 2136 ACER
1141 2103 1148 2117 '
1168 2130 1174 2135 .
1199 2106 1231 2136 et
1254 2104 1316 2135 due
1332 2114 1402 2135 acre
1424 2102 1534 2145 jacent
1555 2101 1651 2143 juxta

168 2172 199 2204 le
221 2171 361 2204 Gnmzuc
384 2173 419 2204 in
441 2175 532 2214 parte
555 2173 703 2206 orientali
721 2178 753 2205 et
772 2172 993 2216 extendu[n]t
1015 2172 1055 2206 ab
1078 2175 1186 2205 austro
1204 2199 1209 2205 .
1228 2183 1340 2204 versus
1355 2174 1480 2214 partem
1495 2170 1649 2202 borialem

171 2252 266 2283 super
287 2240 373 2273 viam
395 2253 456 2283 que
475 2244 607 2274 vocatur
630 2241 864 2275 ‘CURRUOWEY
874 2242 881 2255 '
900 2268 906 2274 .
924 2245 957 2275 et
972 2243 1034 2274 due
1051 2253 1121 2274 aere
1136 2242 1245 2284 jaoent
1261 2241 1295 2272 in
1311 2239 1500 2273 occidentali
1516 2241 1606 2282 parte
1621 2239 1652 2271 le
