1998 2724
338 164 402 195 480

296 347 503 354 .......
525 320 743 364 [mo]lestiam
759 322 890 363 propter
905 319 989 351 hanc
1012 331 1119 351 meam
1138 319 1349 352 donacionem
1368 319 1584 351 sustinebunt.
1631 318 1676 351 Et
1692 320 1779 361 quod

293 393 405 423 eontra
414 402 525 423 omnes
534 390 681 422 homiues
690 390 774 422 hanc
784 393 904 422 terram
915 389 959 421 eis
969 388 1258 421 warantizabimus.
1306 389 1353 421 Et
1362 389 1389 421 si
1400 389 1533 431 aliquod
1547 387 1774 431 [clam]iu[m]

292 460 367 492 inde
383 459 558 502 aliquando
573 459 673 492 fuerit
689 458 881 501 requisitum
907 485 911 490 .
939 457 1013 500 Ego
1029 460 1062 490 et
1077 457 1209 490 heredes
1220 458 1285 490 mei
1307 458 1390 490 illud
1413 457 1566 490 debemus
1590 459 1629 490 de
1652 457 1777 500 reliqua

292 532 377 561 terra
398 529 593 571 adquietare.
654 528 732 560 Hiis
752 527 889 560 testibus
923 555 928 559 .
958 527 1154 561 WILLELMO
1185 528 1350 560 cellarario
1384 527 1449 570 [et]
1484 527 1680 560 anmm
1704 539 1777 569 por-

288 598 370 631 tario
393 599 433 630 de
456 597 611 629 MARGAN
637 624 643 629 .
671 596 873 630 Gonnnmno
897 596 1054 629 monacho
1079 622 1085 628 .
1104 596 1294 629 WALAWET
1314 596 1381 629 filio
1397 596 1587 630 WILLELMI
1614 622 1620 628 .
1645 596 1776 628 JovoRo

290 667 390 699 fratre
415 666 487 709 ejus
513 693 518 698 .
554 666 749 698 Rmnnmzn
780 666 881 698 fratre
912 666 1059 708 ejusdem
1091 691 1097 698 .
1130 666 1278 698 CNITLIN
1308 665 1524 698 Rmnssmzcn
1555 668 1588 698 et
1614 665 1789 705 Rionmm,

289 736 363 767 filiis
379 736 443 767 suis
462 762 467 767 .
486 736 641 767 SE1S111120
658 735 724 767 filio
742 734 891 767 omum
910 761 915 766 .
936 735 1108 767 ANGARAT
1131 746 1231 767 uxore
1255 734 1443 768 WILLELMI
1463 761 1468 767 .
1493 734 1691 769 WEIRVILL’
1709 734 1776 767 filia

289 805 435 848 ejusdem
460 831 466 837 .
494 804 656 837 Romano
681 804 828 837 PULMoa
852 816 1004 837 converso
1030 831 1036 836 .
1063 804 1234 836 Pmmpo
1259 804 1385 837 WEsm
1408 807 1441 836 et
1464 804 1660 836 Rammium
1675 804 1776 837 fratre

290 874 361 917 ejus
376 876 409 907 et
423 874 495 906 aliis
510 873 667 917 pluribus.

333 944 559 977 Endorsed—‘
572 943 669 976 Carta
685 943 847 977 Willelmi
865 943 1038 977 Gillemich
1054 944 1094 976 de
1110 943 1179 986 viij.
1199 943 1302 975 acris.’

875 1087 1177 1120 CCCCLXXXII.

289 1163 657 1197 OONFIRMATION
717 1164 783 1197 BY
861 1164 1154 1203 WALAUETH,
1243 1163 1333 1196 SON
1411 1163 1470 1196 OF
1553 1163 1778 1197 WILLIAM

399 1226 694 1267 GILLEMIOH’,
734 1228 794 1260 OF
850 1227 932 1260 HIS
994 1226 1228 1259 FATHER’S
1281 1226 1415 1259 LAND
1476 1227 1531 1260 IN
1589 1226 1776 1260 KENFIG

397 1290 456 1322 ΤΟ
495 1290 707 1323 MARGAM
742 1290 917 1323 ABBEY.

834 1353 1010 1397 [MARGAM
1035 1352 1230 1396 CHARTER]

332 1428 492 1461 Omnibus
519 1429 637 1462 Sancte
667 1430 796 1462 ecclesie
828 1430 903 1462 filiis
933 1429 1136 1472 presentibus
1170 1431 1202 1462 et
1234 1429 1354 1461 futuris
1393 1455 1399 1461 .
1441 1429 1650 1462 WALAUETH
1689 1428 1775 1461 filius

288 1497 479 1531 Wummm
503 1498 714 1530 GnmEMrcH'
732 1499 879 1531 salutem.

331 1566 446 1599 Sciatis
474 1579 525 1599 me
553 1568 685 1600 consilio
709 1571 742 1600 et
767 1579 924 1600 consensu
951 1568 1090 1600 fratrum
1119 1594 1125 1599 .
1152 1570 1326 1610 parentum
1349 1593 1355 1599 .
1378 1571 1411 1600 et
1434 1568 1612 1600 amicorum
1627 1579 1774 1600 meorum

287 1636 412 1668 dedisse
437 1639 470 1668 et
491 1637 679 1669 concessisse
698 1639 731 1669 et
750 1638 810 1669 hae
833 1639 920 1669 carta
944 1638 1147 1670 confirmasse
1170 1638 1242 1670 Deo
1259 1639 1291 1670 et
1306 1637 1434 1670 ecclesie
1456 1637 1573 1670 Sancte
1588 1637 1710 1670 MARIE
1734 1638 1773 1670 de

286 1705 441 1737 MARGAN
460 1731 466 1737 .
485 1709 518 1738 et
533 1706 698 1738 monachis
714 1706 834 1738 ibidem
850 1706 922 1738 Deo
944 1706 1158 1738 servientibus
1173 1708 1277 1738 totam
1293 1709 1412 1738 terram
1429 1718 1491 1749 que
1508 1706 1572 1738 fuit
1593 1706 1694 1748 patris
1709 1706 1773 1738 mei

286 1774 476 1808 WILLELMI
512 1774 724 1807 GILIAEMICH'
752 1775 786 1807 in
806 1776 966 1808 territorio
992 1777 1031 1808 de
1054 1776 1226 1808 KENEFEG
1249 1787 1322 1808 cum
1340 1775 1491 1808 omnibus
1514 1775 1714 1808 aisiamentis
1741 1777 1773 1807 et

286 1845 490 1887 pertinentiis
512 1846 577 1878 suis
600 1846 634 1878 in
655 1846 757 1888 pratis
784 1846 924 1888 pasturis
945 1849 976 1878 et
1002 1846 1036 1878 in
1057 1845 1206 1878 omnibus
1231 1845 1303 1877 aliis
1324 1845 1420 1878 rebus
1440 1845 1475 1877 in
1501 1856 1617 1887 puram
1644 1848 1676 1877 et
1700 1856 1771 1887 per-

285 1917 417 1957 petuam
440 1916 648 1948 elemosinam
673 1943 679 1948 .
705 1919 743 1948 ut
767 1916 909 1949 habeant
932 1918 964 1948 et
987 1918 1121 1948 teneant
1144 1927 1215 1947 eam
1239 1914 1372 1947 liberam
1396 1918 1428 1947 et
1451 1914 1595 1957 quietam
1618 1913 1659 1946 ab
1683 1914 1772 1946 omni

286 1985 414 2016 servitio
433 1987 466 2017 et
481 1985 717 2018 consuetudine
733 1987 766 2018 et
781 1986 948 2018 exactione
966 1985 1100 2017 seculari
1119 2010 1124 2016 .
1143 1984 1224 2016 sicut
1240 1984 1308 2016 ulla
1323 1984 1497 2016 elemosina
1513 1983 1645 2016 liberius
1660 1983 1772 2015 haberi

286 2056 318 2085 et
328 2055 431 2086 teneri
443 2057 557 2096 potest.
605 2055 651 2087 Et
662 2055 688 2087 si
699 2055 830 2098 aliquod
844 2055 1013 2088 servicium
1026 2055 1068 2086 ad
1084 2054 1255 2096 coquinam
1268 2053 1410 2085 comitis.
1428 2053 1479 2085 vel
1489 2053 1531 2085 ad
1544 2052 1634 2084 aliud
1646 2052 1771 2094 aliquid

285 2123 460 2165 requiritur
483 2124 658 2166 aliquando
682 2125 722 2156 de
746 2125 890 2167 predicta
912 2127 999 2157 terra
1023 2149 1029 2155 .
1056 2123 1130 2166 Ego
1154 2125 1186 2155 et
1209 2123 1342 2155 heredes
1364 2122 1427 2154 mei
1450 2122 1534 2154 illud
1558 2121 1690 2154 omnino
1713 2122 1768 2154 ad-

285 2192 502 2234 quietabimus
517 2194 557 2225 de
574 2196 659 2226 terra
675 2196 784 2226 nostra
806 2195 845 2226 de
869 2193 1157 2226 KETLIALANWIR.
1205 2192 1250 2224 Et
1270 2195 1381 2225 contra
1400 2203 1510 2224 omnes
1532 2191 1679 2223 homines
1703 2194 1769 2223 tam

284 2262 482 2304 propinquos
498 2266 623 2295 nostros
639 2275 735 2306 quam
753 2267 922 2296 extraneos
938 2263 1073 2306 prefatis
1089 2262 1255 2295 monachis
1272 2288 1278 2293 .
1296 2261 1380 2294 hanc
1399 2261 1610 2293 donacionem
1627 2264 1770 2292 nostram
