1998 2724
1512 161 1575 192 385

140 320 319 353 NORRENSI
352 345 358 351 .
393 319 568 352 WAL‘rERo
599 320 639 350 de
671 319 776 351 SULIE
810 345 815 350 .
850 318 992 350 Rosam«)
1023 319 1063 350 de
1095 317 1317 350 Bnncmcuon’
1351 345 1355 349 .
1391 318 1561 350 Pfflmrro
1582 318 1621 350 de

141 390 325 422 MARECROS
354 415 360 421 .
390 388 540 420 URBANO
568 389 607 420 de
637 387 868 419 PENDUUELIN
903 414 908 419 .
939 386 1110 419 Pmmppo
1142 388 1304 419 sacerdote
1332 388 1370 419 de
1399 387 1584 419 MARECRos
1612 411 1620 419 .

142 458 338 491 WlLLELMO
376 458 404 489 le
444 457 532 489 soon
575 484 580 489 .
624 456 820 490 WILLELMO
858 458 897 489 de
937 456 1053 489 Sancte
1092 456 1247 488 HILARIO
1295 483 1299 488 .
1349 455 1544 489 WILLELMO
1583 457 1622 488 de

141 528 393 560 Poamcmvvm
423 554 428 558 .
455 526 579 559 Tuom
611 526 776 568 capellano
802 527 925 558 domini
951 526 1089 568 episcopi
1116 552 1122 558 .
1148 525 1301 558 RICARDO
1317 527 1357 558 de
1374 525 1595 558 KAEmeAu
1614 550 1622 558 .

143 597 340 630 WILLELMO
363 598 403 628 de
420 596 629 628 BEDINTUNA
648 622 653 627 .
672 598 703 627 et
721 595 922 628 Gonnrfflno
939 595 1102 627 monachis
1119 596 1158 627 de
1176 595 1340 627 MARGAN.

184 666 258 699 Seal
282 667 315 698 in
340 666 421 698 dark
445 666 554 698 brown
579 677 660 704 wax,
686 665 773 707 ἳὲίη.
800 666 917 703 djam.;
946 677 1033 707 upon
1058 667 1121 697 two
1145 665 1267 707 plaited
1293 665 1352 697 silk
1378 665 1477 703 cords,
1502 665 1536 696 in
1560 667 1623 697 two

141 736 273 768 colours.
321 735 450 773 Device,
468 747 486 767 a
503 735 605 778 figure
621 734 732 777 riding
749 737 781 766 to
798 734 853 766 the
870 746 984 776 proper
1000 734 1099 777 right,
1117 733 1254 777 holding
1270 746 1288 766 a
1305 734 1365 776 lily
1386 734 1493 766 flower
1514 734 1548 766 in
1569 734 1624 766 the

142 805 231 849 right
246 805 353 844 hand3
379 805 413 836 in
429 804 484 836 the
500 804 561 836 left
577 815 595 835 a
611 803 703 842 horn,
721 803 825 835 which
842 803 882 835 he
898 804 924 835 is
939 803 1092 846 blowing.

187 874 416 917 Legend—‘4—
439 884 601 905 SIGILLUM
619 884 747 904 PAGANI
766 884 808 904 DE
826 872 1087 904 TURBERVILLA.’

188 943 410 975 Endorsed—‘
424 942 530 974 Karta
546 941 674 985 Pagani
690 942 730 974 de
747 941 919 974 Turb’vill'
937 942 976 973 «le
992 945 1077 973 terra
1093 942 1133 973 de
1150 941 1327 974 Coitkard.'

786 1177 982 1209 CCCXCII.

147 1260 205 1293 TO
230 1259 328 1292 THE
352 1259 480 1291 SAME
511 1258 702 1298 EFFECT,
736 1258 870 1292 WITH
903 1259 1079 1291 SLIGHT
1113 1259 1411 1292 VARIATIONS
1442 1259 1497 1292 IN
1528 1259 1628 1292 THE

257 1328 523 1361 LANGUAGE
541 1328 814 1367 EMPLOYED,
837 1328 934 1360 ΒΗΤ
959 1328 1093 1361 WITH
1121 1329 1154 1361 A
1182 1328 1438 1361 PROVISION
1462 1329 1630 1362 ADDED

256 1398 310 1430 IN
335 1397 449 1429 OASE
474 1397 573 1429 THE
599 1397 881 1430 WARRANTY
905 1397 1098 1430 SHOULD
1123 1397 1247 1430 FAIL.

688 1478 862 1522 [MARGAM
889 1479 1084 1522 CHARTER]

192 1562 381 1594 Reverendo
397 1561 482 1604 patri
498 1573 554 1593 suo
572 1560 769 1594 WILLELMO
785 1560 849 1593 Dei
865 1561 972 1603 gratia
989 1560 1233 1593 LANDAVENSIS
1257 1562 1403 1604 episcopo
1428 1565 1459 1594 et
1480 1562 1630 1595 omnibus

148 1630 264 1663 Sancte
281 1630 407 1662 ecclesie
424 1630 498 1662 filiis
514 1631 555 1661 ad
572 1641 652 1672 quos
666 1642 795 1672 presens
812 1636 899 1661 carta
916 1630 1095 1672 pervenerit
1114 1656 1120 1661 .
1139 1629 1303 1662 PAGANUS
1320 1631 1359 1662 de
1380 1630 1628 1663 TURBERVILLE

148 1700 294 1732 salutem.

191 1769 317 1801 Notum
341 1768 476 1800 facimus
495 1768 699 1800 universitati
725 1771 828 1800 vestre
854 1780 911 1800 nos
928 1768 1051 1800 dedisse
1067 1770 1100 1799 et
1117 1769 1303 1801 concessisse
1320 1773 1351 1800 et
1376 1770 1515 1811 presenti
1541 1774 1629 1803 carta

147 1840 255 1870 nostra
272 1837 472 1870 confirmasse
489 1862 495 1869 .
514 1837 645 1869 consilio
661 1840 694 1869 et
710 1849 863 1869 consensu
881 1837 1027 1879 conjugis
1044 1849 1112 1869 mee
1129 1840 1161 1869 et
1176 1837 1332 1870 heredum
1350 1864 1356 1870 .
1375 1842 1406 1870 et
1422 1839 1598 1871 amicorum
1617 1865 1624 1871 .

147 1907 217 1939 Deo
241 1910 272 1939 et
298 1906 337 1938 B.
366 1906 413 1938 M.
442 1909 473 1938 et
498 1906 663 1938 monachis
683 1907 721 1939 de
742 1906 896 1938 MARGAN
923 1906 965 1938 D.
994 1907 1014 1938 i.
1045 1919 1067 1938 s.
1091 1909 1194 1938 totam
1215 1909 1333 1939 terram
1356 1919 1454 1950 quam
1477 1909 1627 1941 dominus

145 1988 236 2009 meus
254 1975 469 2008 WILLELMUS
484 1986 588 2008 comes
605 1975 836 2008 GLOEGESTRIE
853 1976 951 2008 michi
967 1976 1057 2008 dedit
1072 1976 1107 2008 in
1123 1976 1284 2009 territorio
1299 1976 1391 2009 Now
1409 1977 1575 2010 CAsTELm
1591 1979 1626 2011 in

149 2044 356 2078 GOITTKARD'
377 2070 382 2076 .
400 2056 457 2087 pro
474 2045 603 2077 servitio
619 2056 715 2078 meo,
733 2048 768 2077 ut
785 2045 846 2087 ipsi
863 2057 934 2077 eam
950 2044 1090 2077 habeant
1103 2048 1205 2077 totam
1221 2046 1255 2077 in
1269 2050 1457 2088 perpetuam
1467 2052 1497 2079 et
1510 2059 1625 2090 puram

147 2114 354 2146 elemosinam
371 2112 505 2145 liberam
522 2115 554 2145 et
569 2113 712 2156 quietam
728 2113 769 2146 ab
785 2114 873 2146 omni
890 2113 1019 2148 servitio
1031 2116 1063 2146 et
1079 2114 1214 2146 seculari
1230 2115 1395 2147 exactione
1414 2141 1419 2146 .
1438 2127 1495 2158 per
1517 2117 1626 2149 omnia

147 2184 229 2215 sicut
244 2194 304 2225 ego
320 2193 391 2214 eam
407 2182 522 2214 melius
537 2185 569 2214 et
586 2183 745 2225 integrius
760 2194 905 2225 unquam
922 2183 1020 2215 habui
1036 2183 1071 2215 in
1087 2183 1184 2215 moris
1199 2187 1231 2215 et
1247 2183 1281 2215 iu
1294 2185 1394 2226 pratis
1412 2210 1418 2216 .
1437 2185 1470 2217 in
1487 2186 1626 2227 pasturis

146 2256 178 2285 et
201 2252 312 2284 ceteris
338 2251 542 2293 pertinentiis
568 2252 642 2284 suis.
689 2251 734 2283 Et
763 2252 788 2284 si
812 2252 943 2293 aliquod
966 2252 1132 2284 servitium
1156 2253 1221 2284 sive
1250 2253 1372 2285 domini
1399 2253 1500 2296 Regis
1528 2280 1534 2285 .
1561 2255 1627 2287 sive

298 2358 351 2384 ΞΥ
