1998 2724
322 152 386 184 504

277 322 348 343 mee
365 337 371 343 .
389 313 421 343 et
436 310 549 343 matris
564 321 634 343 mee
653 335 658 341 .
677 312 709 342 et
725 309 855 342 illorum
877 308 998 351 pariter
1013 308 1070 351 qui
1087 308 1171 341 hanc
1192 308 1400 341 donationem
1421 310 1549 351 gratam
1565 307 1759 340 habuerunt.

278 380 410 412 Oartam
432 380 534 423 igitur
557 379 740 412 donationis
769 378 870 422 hujus
896 389 996 409 manu
1022 389 1094 410 mea
1119 377 1211 420 posui
1243 388 1337 421 super
1361 378 1463 410 altare
1487 378 1594 420 ipsum
1615 377 1761 409 osculans

278 453 403 483 astante
419 451 579 482 conventu
597 475 602 480 .
620 450 651 480 et
668 459 719 480 me
734 447 769 480 in
784 447 920 479 fratrem
935 450 967 479 et
983 447 1242 490 comparticipem
1257 447 1429 489 recipiente
1445 447 1591 480 omnium
1603 446 1762 479 bonorum

277 532 338 563 que
354 520 388 552 in
405 520 517 552 eadem
532 519 616 551 fiunt
633 517 763 550 ecclesia
778 528 878 559 usque
893 516 928 549 in
944 517 1052 549 finem.
1099 515 1257 549 Testibus.

322 588 528 621 Entitledss
542 587 639 620 Carta
655 586 779 618 Thome
794 585 934 629 Lageles
949 586 989 618 de
1005 597 1090 617 xvn.
1108 586 1188 618 aeris
1200 597 1279 628 quas
1293 585 1386 618 nobis
1407 585 1519 618 dedit?

325 658 376 680 The
397 657 484 686 family
502 657 526 679 of
546 656 655 685 Lageles,
674 655 783 684 Laheles,
801 662 828 677 οι·
846 654 971 684 Lagthles,
989 655 1016 677 of
1035 654 1115 677 whom
1132 661 1167 677 we
1186 654 1248 676 have
1268 653 1369 683 Walter7
1386 654 1502 683 Thomas,
1519 654 1593 680 John,
1613 653 1729 682 William,
1739 661 1753 675 a

287 701 376 724 second
389 700 491 729 Walter⁷
502 699 550 721 and
566 698 681 727 Riehard,
693 698 822 727 possessed
833 697 881 719 and
893 697 1014 726 probably
1026 704 1088 726 gave
1097 704 1168 720 name
1179 699 1205 719 to
1217 697 1258 719 the
1270 703 1355 719 maner
1366 697 1414 719 and
1426 696 1508 725 parish
1521 696 1545 718 of
1563 696 1711 718 Laheleston
1728 702 1754 718 or

287 743 410 771 Laleston,
423 750 480 765 near
492 741 623 770 Bridgend.
656 741 751 763 Walter
762 747 847 763 occurs
861 740 884 762 in
898 740 938 762 the
951 740 1010 769 Pipe
1022 740 1080 762 Ron
1092 740 1116 762 of
1129 741 1211 762 1184-f>
1223 740 1247 761 in
1260 739 1404 762 connection
1417 739 1477 761 with
1490 739 1581 761 service
1592 741 1618 761 at
1628 739 1670 761 the
1677 738 1754 760 castle

286 787 311 808 of
324 785 412 810 Neath,
424 785 471 807 and
485 785 611 806 witnessos
623 791 635 805 a
648 786 721 812 grant
733 786 759 805 to
771 783 883 811 Margam
895 783 928 812 by
940 782 970 805 G.
982 782 1098 805 Estrumi.
1131 782 1161 805 In
1172 790 1186 804 a
1198 781 1370 805 confirmation
1381 785 1409 804 to
1417 781 1529 810 Margam
1547 781 1580 810 by
1594 781 1661 810 King
1679 781 1754 809 John,

288 829 352 857 1205,
364 828 471 850 Thomas.
481 828 511 850 de
522 827 641 855 Lagthles
652 833 756 855 appears
765 833 792 848 as
803 833 817 847 a
834 826 910 848 donor
928 825 954 847 of
973 826 1014 847 100
1032 832 1099 848 acres
1117 824 1253 855 [CLXX1.‚
1270 824 1345 853 CCL„
1362 823 1589 853 COLXXXVH.].
1612 823 1681 852 They
1698 823 1755 846 held

287 872 345 894 land
356 871 409 893 also
420 874 446 893 at
458 870 620 899 Llangenydtl
632 870 656 891 in
668 869 763 892 Gower.

322 926 374 948 The
385 926 521 949 connexion
534 926 559 947 of
569 925 610 947 the
622 925 709 954 family
721 925 781 947 with
793 925 952 953 Glamorgan,
964 924 1012 946 and
1023 923 1134 953 possibly
1151 923 1193 945 the
1210 922 1296 952 family
1315 922 1389 945 itseli.
1403 921 1480 944 ended
1498 922 1559 944 with
1576 921 1619 944 the
1637 924 1711 950 grant
1729 922 1755 944 of

287 969 329 992 the
340 969 452 998 paterna]
464 975 550 991 maner
561 971 587 990 to
599 967 718 996 Margam,
730 967 755 989 in
767 967 808 990 the
820 966 910 989 middle
922 967 947 989 of
959 966 1001 988 the
1012 966 1069 988 13th
1080 968 1191 994 century.

1000 1096 1042 1129 D.

278 1181 589 1216 ABJURATION
640 1181 706 1214 BY
756 1179 977 1212 RIOHARD
1024 1177 1265 1211 MERWITH
1313 1177 1416 1210 AND
1456 1176 1589 1210 HOEL
1626 1176 1764 1209 KAEST

389 1251 444 1284 IN
475 1250 674 1283 FAVOUR
705 1249 766 1282 OF
797 1248 1009 1281 MARGAM
1040 1246 1205 1280 ABBEY
1237 1246 1297 1279 OF
1331 1245 1486 1278 THEIR
1518 1245 1670 1279 OLAIM
1705 1245 1763 1278 TO

391 1320 549 1354 LANDS
589 1319 652 1352 ΟΝ
692 1319 791 1351 THE
831 1317 1019 1351 GARWE.

826 1401 998 1442 [MARGAM
1023 1398 1218 1442 CHARTER]
1625 1399 1720 1430 1235.

325 1486 497 1518 Universis
521 1485 663 1517 CHRISTI
689 1483 838 1516 fidelibus
860 1494 990 1525 presens
1011 1482 1165 1523 seriptum
1185 1481 1300 1512 visuris
1328 1481 1378 1513 vel
1403 1480 1563 1513 audituris
1590 1479 1766 1512 RmAnnns

283 1556 464 1588 MERwrrH
482 1557 514 1587 et
532 1554 706 1586 HowssLus
723 1553 825 1585 KAEST
842 1552 979 1584 salutem
996 1551 1029 1583 in
1047 1550 1187 1583 domino.

330 1625 469 1657 Noverit
486 1623 679 1656 universitas
695 1625 800 1655 vestra
816 1633 874 1654 nos
889 1620 1021 1653 consilio
1037 1620 1212 1652 amioorum
1229 1621 1411 1651 nostrorum
1428 1619 1556 1661 quitum
1568 1619 1719 1651 clamasse
1735 1621 1767 1650 et

285 1695 451 1738 abjurasse
468 1696 501 1726 et
515 1692 575 1725 hae
586 1694 672 1724 carta
683 1695 791 1724 nostra
802 1691 1003 1723 confirmasse
1020 1689 1090 1721 Deo
1103 1691 1134 1721 et
1151 1700 1176 1720 e.
1191 1688 1231 1720 B.
1247 1687 1293 1720 M.
1312 1688 1351 1720 de
1368 1687 1416 1720 M.
1430 1690 1463 1720 et
1474 1699 1515 1719 m.
1533 1688 1553 1720 i.
1568 1687 1610 1719 D.
1625 1699 1648 1720 s.
1661 1690 1767 1720 totum

288 1764 440 1797 elamium
464 1765 610 1795 nostrum
633 1764 664 1793 et
689 1763 794 1793 totum
825 1760 879 1803 jus
905 1759 991 1802 quod
1015 1758 1199 1791 dicebamus
1222 1769 1280 1790 nos
1303 1757 1420 1790 habere
1443 1757 1477 1789 in
1501 1760 1586 1789 terra
1609 1757 1770 1789 dictorum

289 1832 520 1866 monachorum
547 1833 631 1863 inter
656 1842 774 1873 aquarn
799 1831 839 1862 de
868 1829 999 1862 GARWE
1027 1833 1060 1860 et
1086 1838 1204 1870 aquam
1223 1827 1263 1859 de
1282 1826 1471 1858 'UGGEMOR'
1496 1852 1501 1858 .
1523 1829 1559 1858 ut
1580 1825 1721 1859 habeant
1736 1828 1769 1858 et

289 1904 421 1936 teneant
447 1901 524 1934 dicti
550 1900 699 1933 monachi
726 1899 845 1931 dictam
870 1902 989 1930 terram
1016 1922 1022 1929 .
1054 1896 1153 1929 libere
1180 1896 1288 1939 quiete
1315 1899 1347 1928 et
1373 1895 1503 1938 pacifice
1527 1906 1585 1938 pro
1615 1895 1708 1927 nobis
1738 1898 1771 1927 et

289 1971 462 2004 heredibus
488 1970 605 2003 nostris
632 1972 664 2002 et
691 1969 839 2001 omnibus
864 1966 1095 2000 suecessoribus
1122 1965 1238 1998 nostris
1262 1966 1297 1997 in
1327 1968 1520 2008 perpetuum
1552 1991 1558 1996 .
1591 1964 1673 1997 siout
1703 1964 1770 1996 ulla

291 2041 466 2075 elemosina
490 2039 622 2073 liberius
653 2041 684 2071 et
715 2037 855 2081 quietius
883 2036 995 2069 haberi
1026 2038 1131 2078 potest
1162 2034 1212 2067 vel
1244 2033 1354 2066 teneri.
1414 2033 1459 2066 Et
1487 2033 1652 2066 sciendum
1683 2033 1770 2076 quod

290 2111 471 2154 juravimus
495 2120 590 2152 super
620 2109 819 2140 sacrosancta
848 2106 976 2138 ecclesie
1008 2105 1047 2137 de
1077 2104 1232 2136 MARGAN
1255 2104 1341 2146 quod
1372 2114 1430 2135 nos
1457 2104 1488 2135 et
1512 2102 1645 2135 heredes
1670 2102 1772 2135 nostri

293 2180 430 2213 fideliter
458 2182 489 2211 et
515 2178 583 2210 sine
608 2177 681 2209 dolo
707 2176 888 2209 tenebimus
914 2174 997 2207 hanc
1028 2174 1153 2217 quitam
1184 2172 1409 2206 clamationem
1440 2173 1472 2203 et
1510 2174 1622 2204 contra
1661 2182 1772 2204 omnes

292 2249 437 2282 homines
468 2246 748 2280 warantizabimus
776 2246 1024 2288 imperpetuum.
1086 2242 1322 2285 Abjuravimus
1346 2241 1443 2273 etiam
1469 2240 1578 2273 omnia
1609 2240 1724 2273 olamia
1747 2240 1774 2273 si
