1998 2724
1548 154 1610 185 341

811 339 1010 372 CCCXLII.

197 422 426 456 CHARTER
465 422 525 454 OF
560 421 925 454 GONFIRMATION
958 421 1023 453 BY
1054 420 1154 453 THE
1186 419 1426 453 OOUNTESS
1459 419 1632 452 ISABEL

687 490 745 523 ΤΟ
777 490 987 523 MARGAM
1018 489 1190 522 ABBEY.

718 572 893 615 [MARGAM
917 571 1112 614 CHARTER]
1384 570 1609 602 1214—1216.

215 655 326 688 Sciant
342 666 452 687 omnes
469 658 631 697 presentes
647 660 679 686 et
691 654 794 686 futuri
813 680 818 685 .
837 654 923 696 quod
940 665 998 696 ego
1016 652 1139 685 ISABEL
1158 679 1163 684 .
1182 653 1341 685 comitissa
1363 651 1597 684 GLochsTRm
1622 654 1653 683 et

171 724 292 757 Essssx'
326 724 457 756 consilio
489 727 521 755 et
551 735 706 755 consensu
733 723 857 755 domini
887 723 947 754 mei
983 722 1158 755 &Aurium
1190 722 1229 754 de
1260 721 1498 753 MANDEUILLA
1530 720 1654 752 comitis

173 793 407 826 GLOFCESTROE
432 796 461 824 et
490 792 598 824 Essm
629 792 766 824 concessi
795 796 825 823 et
842 792 917 824 (ledi
934 791 992 823 hae
1016 791 1156 833 presenti
1182 793 1269 822 carta
1291 802 1363 822 mea
1387 790 1572 822 confirmavi
1596 800 1654 831 pro

172 864 274 895 salute
306 862 488 894 animarum
512 864 695 893 nostrarum
719 864 749 893 et
774 863 1008 892 antecessorum
1032 864 1061 892 et
1088 871 1301 892 successorum
1323 862 1504 891 nostrorum
1528 859 1599 890 Deo
1623 861 1655 891 et

171 932 263 964 beate
291 931 412 963 MARIE
437 932 476 963 de
506 930 662 962 MARGAN
687 934 718 962 et
741 930 913 962 monachos
937 930 1056 961 ibidem
1081 929 1151 961 Deo
1176 928 1389 961 servientibus
1416 929 1450 960 in
1482 939 1595 970 puram
1620 931 1652 960 et

172 1003 361 1042 perpetuam
379 999 586 1032 elemosinam
603 999 660 1031 has
676 1002 776 1031 terras
792 999 826 1030 in
844 999 940 1031 feudo
957 999 996 1030 de
1021 998 1202 1030 KENEFEG.
1251 997 1379 1029 Scilicet
1404 1000 1507 1029 totam
1533 1000 1653 1029 terram

172 1070 357 1101 PEITEWNJ
373 1081 432 1112 per
448 1069 566 1101 divisas
590 1080 662 1101 suas
678 1080 750 1101 cum
767 1068 971 1110 pertinentiis
988 1069 1052 1100 suis
1070 1094 1075 1099 .
1094 1068 1140 1100 Et
1155 1070 1257 1099 totam
1281 1070 1401 1099 terram
1425 1066 1588 1098 Huooms
1612 1067 1651 1099 de

171 1138 366 1171 HEREFORD
394 1150 451 1180 per
477 1138 595 1170 divisas
622 1149 694 1169 suas
713 1163 717 1168 .
736 1137 782 1169 Et
805 1140 907 1169 totam
930 1140 1049 1169 terram
1067 1137 1307 1169 WALLENsmM
1333 1148 1389 1178 pro
1418 1147 1482 1177 qua
1507 1135 1651 1167 solebant

171 1208 302 1240 reddere
319 1207 488 1239 annuatim
512 1214 602 1238 xxxu>
623 1218 660 1238 11.
683 1207 799 1238 solidos
822 1206 962 1238 baillivis
986 1207 1025 1237 de
1051 1206 1222 1238 KENEFEG
1242 1232 1246 1236 .
1266 1205 1312 1237 Et
1337 1208 1437 1237 totam
1463 1217 1586 1237 moram
1612 1206 1652 1237 de

172 1276 414 1308 HAVEDHALOC
429 1276 514 1308 inter
530 1277 610 1308 duas
626 1287 725 1318 aquas
742 1275 861 1307 scilicet
877 1275 1048 1307 KENEFEG
1066 1278 1097 1306 et
1114 1274 1277 1306 ΒΑΙΤΗΑΝ
1297 1301 1302 1305 .
1320 1275 1478 1306 tenendas
1494 1275 1533 1306 de
1554 1286 1604 1306 me
1621 1278 1652 1305 et

170 1345 341 1378 heredibus
356 1345 435 1377 meis
451 1344 550 1377 libere
568 1348 598 1377 et
616 1345 722 1387 quiete
739 1344 779 1377 ab
795 1345 883 1377 omni
900 1344 1029 1376 servitio
1046 1344 1276 1376 consuetudine
1293 1346 1323 1375 et
1335 1343 1500 1375 exactione
1518 1343 1651 1375 seculari

170 1414 251 1446 sicut
266 1414 334 1446 ulla
350 1413 523 1446 elemosina
538 1414 670 1446 liberius
687 1420 718 1446 et
741 1414 882 1456 quietius
907 1416 1010 1456 potest
1034 1413 1145 1444 teneri.
1194 1412 1345 1444 Preterea
1373 1413 1511 1444 concessi
1529 1412 1650 1445 eisdem

170 1483 334 1515 monachis
350 1485 381 1515 et
397 1483 583 1515 confirmavi
599 1494 709 1515 omnes
725 1483 914 1515 donationes
930 1494 1009 1525 quas
1026 1483 1070 1514 eis
1086 1482 1231 1514 fecerunt
1248 1481 1430 1514 Romam-us
1447 1493 1550 1513 comes
1571 1493 1650 1514 avus

169 1563 260 1584 meus
275 1557 307 1584 et
323 1551 540 1585 WlLLELMUS
563 1563 667 1584 comes
691 1555 782 1594 pater
804 1563 918 1584 meus.
944 1552 1063 1583 scilicet
1086 1562 1196 1583 omnes
1221 1553 1321 1583 terras
1343 1562 1416 1582 cum
1440 1551 1648 1593 pertinenciis

171 1623 234 1654 suis
251 1622 335 1654 inter
350 1621 523 1654 KENEFEG
547 1626 579 1653 et
602 1622 787 1654 ulteriorem
810 1622 913 1664 ripam
937 1633 1018 1663 aque
1042 1622 1081 1652 de
1105 1620 1228 1652 AVENE
1253 1620 1413 1652 ulterioris
1437 1631 1499 1662 que
1529 1622 1577 1652 est
1607 1621 1648 1652 ad

169 1692 366 1724 occidentem
383 1691 567 1734 hermitagii
584 1690 813 1723 Tnssonomcn
832 1717 838 1723 .
857 1694 889 1723 et
905 1691 987 1723 sicut
1003 1692 1157 1722 montana
1179 1690 1319 1722 tendunt
1343 1702 1362 1720 a
1388 1700 1477 1721 sui-sa
1502 1701 1584 1731 aque
1607 1690 1647 1721 de

166 1760 339 1793 KENEFEG
354 1771 455 1803 usque
470 1761 512 1792 ad
528 1760 634 1792 locum
651 1760 872 1792 MIDDELCROS
889 1762 920 1792 et
937 1760 1012 1791 inde
1036 1759 1070 1791 in
1093 1762 1311 1791 transversum
1339 1769 1439 1800 usque
1455 1758 1497 1790 ad
1513 1758 1643 1790 Emm-

167 1840 258 1861 NANT
275 1829 449 1861 DlscunvA
465 1831 497 1861 et
512 1829 588 1861 inde
604 1840 704 1871 usque
721 1830 762 1861 ad
779 1829 1057 1861 Rmssssvmsscav
1081 1830 1113 1860 et
1135 1828 1211 1860 inde
1235 1828 1316 1859 sicut
1337 1827 1462 1859 Avnmz
1480 1827 1644 1860 descendit

166 1899 201 1931 in
225 1910 312 1930 mare
330 1924 335 1929 .
353 1898 399 1930 Et
422 1900 527 1930 totum
551 1899 638 1930 wrek
660 1898 746 1930 inter
768 1897 895 1930 AVENE
920 1902 951 1929 et
977 1897 1149 1929 KENEFEG
1169 1922 1174 1928 .
1193 1896 1238 1928 Et
1262 1908 1365 1928 unum
1387 1896 1584 1939 burgagium
1608 1897 1642 1929 in

166 1967 337 2000 KENEFEG
363 1993 368 1998 .
394 1966 440 1998 Et
462 1978 565 1999 unum
587 1966 786 2010 burgagium
809 1967 843 1999 in
869 1966 1009 1999 KARmF
1036 1993 1041 1998 .
1067 1970 1099 1998 et
1123 1977 1224 1998 unum
1251 1965 1448 2008 burgagium
1481 1966 1515 1998 in
1547 1965 1645 1997 Novo

166 2036 289 2068 Brimo
314 2061 320 2067 .
345 2035 391 2067 Et
414 2047 516 2068 unum
539 2036 736 2079 burgagium
759 2036 793 2067 in
822 2037 1031 2067 Bkis'ronLiA.
1079 2035 1218 2077 Insuper
1242 2035 1339 2066 etiam
1363 2034 1500 2066 concessi
1524 2034 1643 2067 eisdem

167 2105 332 2138 monachis
348 2107 380 2137 et
396 2105 583 2137 confirmavi
599 2116 709 2137 omnes
724 2105 916 2137 donationes
930 2104 1105 2136 liberorum
1120 2104 1290 2136 homjnum
1307 2115 1460 2135 meorum.
1517 2103 1643 2136 Scilicet

166 2177 285 2207 terram
302 2173 443 2206 STURMY
459 2185 516 2216 per
531 2173 648 2206 divisas
670 2185 743 2206 suas
764 2185 837 2205 oum
862 2173 1069 2216 pertinenciis
1095 2173 1159 2205 suis
1186 2198 1192 2204 .
1220 2173 1307 2204 unde
1331 2171 1451 2204 habent
1477 2172 1643 2204 confirma-

164 2243 287 2275 tionem
320 2242 420 2284 patris
451 2243 514 2274 mei
541 2268 547 2274 .
575 2242 620 2274 Et
651 2243 804 2285 quicquid
836 2241 955 2274 habent
984 2254 1022 2274 ex
1050 2243 1134 2274 dono
1160 2241 1371 2273 GILLEBERTI
1405 2240 1576 2273 GRAMMtis
1610 2244 1642 2273 et
