1998 2724
1527 165 1590 196 707

844 535 945 568 DOL.

162 617 383 651 WILLIAM
422 616 576 649 PEYTO
616 616 803 649 GRANTS
842 616 975 650 LAND
1011 617 1065 650 IN
1104 617 1261 651 COGAN
1292 618 1384 651 FEE
1423 618 1480 651 ΤΟ
1515 618 1634 651 ΜΗᾸ)

765 685 829 718 DE
870 685 1034 719 REYNI.

659 766 764 809 [Ano.
790 766 968 807 CHAR'rmz,
992 767 1140 811 24‚252.]

204 848 363 881 Omnibus
379 848 520 881 Cnmsn
537 848 686 881 fidelibus
702 849 743 881 ad
754 860 833 890 quos
845 849 904 881 hoc
919 860 1050 891 presens
1065 850 1219 892 scriptum
1231 851 1412 892 pervenerit
1424 850 1638 884 WILLELMUS

162 918 274 950 PmTo
289 917 375 950 fflius
390 917 579 950 Wmmm
595 918 635 950 de
650 917 791 950 ANGLIA
808 918 944 950 salutem
959 919 994 950 in
1010 918 1162 952 Domino.
1212 919 1376 952 Noveritis
1388 931 1439 952 me
1452 920 1639 952 concessisse

167 987 324 1019 remisisse
350 997 407 1029 pro
432 997 483 1018 me
508 989 539 1018 et
560 997 618 1029 pro
641 986 812 1019 heredibus
833 987 914 1019 meis
940 987 991 1019 vel
1019 987 1198 1030 asingnatis
1220 989 1299 1020 meis
1320 988 1466 1030 quietum
1490 989 1640 1021 clamasse

162 1055 296 1087 Muom
315 1056 354 1087 de
382 1054 498 1087 Exn-m
522 1057 555 1087 et
581 1055 752 1088 heredibus
778 1056 843 1087 suis
863 1056 914 1088 vel
938 1056 1111 1098 assignatis
1132 1057 1197 1089 suis
1216 1059 1320 1089 totam
1340 1060 1459 1090 terram
1479 1057 1641 1099 jacentem

162 1135 257 1167 super
272 1123 413 1156 CALUUE
428 1124 464 1156 in
485 1124 579 1156 feodo
595 1125 634 1156 de
651 1123 768 1157 coam
785 1136 883 1166 quam
899 1124 998 1157 habui
1013 1126 1053 1158 de
1068 1126 1154 1158 dicto
1173 1126 1317 1158 MILONE
1333 1138 1390 1169 per
1413 1130 1535 1159 cartam
1551 1138 1642 1159 suam

162 1204 220 1236 pro
241 1195 363 1235 septem
383 1193 493 1225 solidis
516 1193 615 1225 michi
637 1193 844 1236 premanibus
862 1195 998 1236 pagatis.
1046 1194 1234 1228 Tenendum
1258 1198 1290 1228 et
1310 1195 1492 1228 habendam
1510 1207 1567 1238 pro
1590 1207 1642 1228 me

162 1264 193 1294 et
216 1261 387 1294 heredibus
413 1262 492 1294 meis
516 1262 568 1294 vel
595 1262 774 1305 asingnatis
806 1263 886 1295 meis
920 1263 981 1296 sibi
1004 1266 1035 1296 et
1066 1264 1236 1296 heredibus
1259 1265 1324 1297 suis
1347 1265 1399 1296 vel
1423 1264 1642 1307 asingn[a]tis

164 1331 228 1363 suis
257 1330 356 1363 libere
387 1331 494 1373 quiete
532 1331 662 1374 paoifice
692 1332 819 1374 integre
845 1335 877 1364 et
907 1332 1101 1366 hereditario
1132 1334 1166 1365 in
1204 1336 1395 1377 perpetuum
1432 1334 1500 1366 sine
1533 1334 1641 1376 aliquo

160 1399 374 1432 retenimento
411 1400 475 1432 mei
513 1400 564 1432 vel
601 1411 755 1433 meorum.
818 1400 980 1433 Faciendo
1016 1402 1092 1434 inde
1127 1402 1297 1435 annuatim
1335 1403 1402 1445 ipse
1440 1405 1472 1434 et
1505 1402 1638 1435 heredes

166 1467 214 1499 sui
245 1467 296 1499 vel
335 1468 499 1511 asingnati
537 1469 586 1500 sui
620 1468 766 1501 debitum
804 1469 975 1502 servicium
1010 1470 1149 1502 dominis
1183 1470 1373 1513 capitalibus
1407 1474 1565 1513 quantum
1600 1472 1641 1503 ad

167 1536 286 1568 dictam
316 1539 435 1569 ‘terram
465 1537 614 1579 pertinet.
670 1537 716 1570 Et
747 1538 823 1580 quia
854 1539 926 1570 volo
957 1539 1043 1581 quod
1073 1550 1133 1582 ego
1164 1540 1326 1582 predictus
1359 1540 1575 1573 WILLELMUS
1610 1542 1642 1572 et

166 1604 298 1637 heredes
320 1605 384 1637 mei
407 1606 458 1637 vel
482 1606 677 1648 asing[na]ti
699 1607 764 1638 mei
785 1618 893 1639 versus
914 1608 1095 1649 predictum
1116 1608 1286 1641 MILONEM
1303 1612 1335 1641 et
1355 1609 1487 1641 heredes
1503 1620 1575 1641 suos
1590 1610 1641 1641 vel

169 1673 355 1716 asingnatos
371 1685 442 1706 suos
454 1674 585 1717 aliquod
600 1675 653 1717 jus
665 1687 723 1707 nec
738 1675 896 1708 clameum
908 1676 942 1708 in
959 1677 1045 1709 dicta
1059 1680 1145 1710 terra
1160 1679 1200 1710 de
1217 1677 1358 1710 CALUUE
1371 1679 1515 1711 decetero
1527 1677 1643 1711 habere

165 1753 230 1774 non
250 1743 425 1785 poterimus
448 1754 505 1776 nec
529 1746 636 1786 petere
662 1743 738 1776 huie
761 1745 902 1787 presenti
929 1746 1046 1788 scripto
1073 1746 1218 1789 sigillum
1241 1758 1350 1779 meum
1375 1748 1517 1789 apposui.
1565 1746 1642 1779 Hiis

165 1810 301 1843 testibus
323 1837 328 1843 .
347 1811 524 1844 WALTERO
551 1813 591 1844 de
616 1812 732 1845 Rmrm
758 1839 764 1845 .
790 1812 960 1845 Pmmpo
983 1813 1173 1847 Tuonnoor
1198 1841 1204 1847 .
1230 1815 1407 1848 WALTERO
1428 1817 1468 1848 de
1492 1816 1609 1848 eoam
1633 1840 1640 1847 .

166 1879 383 1911 ALEXANDRO
398 1880 465 1913 filio
480 1880 650 1913 MAumcn
670 1908 675 1913 .
694 1881 872 1914 Min-mmo
891 1882 958 1915 filio
973 1883 1065 1915 YsAc
1083 1911 1088 1915 .
1107 1883 1234 1917 Tuom
1251 1884 1371 1917 LONGO
1387 1888 1419 1917 et
1435 1885 1506 1917 aliis
1521 1884 1641 1917 multis.

210 1947 311 1980 Small
326 1950 432 1981 round
448 1950 522 1989 seal,
540 1961 638 1992 green
654 1962 726 1982 wax
739 1962 745 1982 :
770 1962 789 1982 a
805 1951 987 1993 quatrefoil.

699 2022 706 2035 ‘
725 2024 756 2056 ÷
779 2019 803 2051 s’
821 2031 978 2052 WALTERI
997 2047 1107 2054 .....
1111 2022 1119 2035 ’
