1998 2724
1579 148 1641 179 623

209 309 365 341 tenendas
379 307 479 340 libere
497 334 502 339 .
520 310 552 339 et
568 307 675 349 quiete
690 307 724 338 in
741 307 835 339 feodo
851 307 890 338 de
912 306 1011 339 Novo
1032 305 1204 338 OAerLLo
1233 329 1239 336 .
1267 317 1328 348 que
1346 306 1454 348 jacent
1480 306 1574 348 juxta
1600 307 1685 338 viam

210 377 373 420 publicam
389 388 451 419 que
467 376 573 408 tendit
588 376 628 408 (le
644 375 812 408 Kmssmc
828 387 936 408 versus
952 374 1124 407 KEYRDIF.
1172 374 1217 407 Et
1239 375 1401 417 incipiunt
1423 387 1442 406 a
1465 375 1551 406 dieta
1575 375 1627 406 via
1654 378 1685 407 et

210 449 301 489 parte
317 445 498 488 aquilonari
516 471 521 477 .
540 444 596 477 ubi
611 445 685 477 fons
701 445 803 476 oritur
818 445 873 487 qui
891 445 1121 477 WYTEWELLE
1138 445 1325 476 nominatur
1351 469 1357 476 .
1382 444 1428 476 Et
1451 445 1630 476 extendunt
1654 456 1686 476 se

210 516 245 548 in
262 515 468 558 longitudine
483 525 584 557 usque
608 515 648 545 ad
672 514 819 546 semitam
843 525 882 545 ex
906 516 997 556 parte
1021 514 1154 546 australi
1179 539 1185 546 .
1211 513 1253 546 In
1278 513 1451 545 latitudine
1479 524 1553 545 vero
1578 513 1686 556 jacent

210 585 296 617 inter
310 586 429 617 terram
446 583 572 616 ΤΗΟΜΕ
590 583 725 615 ORADoc
740 594 779 615 ex
795 586 886 625 parte
902 583 1051 615 orientali
1070 608 1076 614 .
1094 585 1127 614 et
1141 585 1260 615 terram
1277 582 1466 615 WxLLan
1484 582 1630 614 GonMoN
1646 594 1686 613 ex

212 656 303 696 parte
335 653 525 685 occidentali
559 678 564 684 .
592 652 657 684 Pro
688 652 814 684 duabus
846 652 926 684 acris
948 655 1103 694 perpetuo
1126 651 1284 684 habendis
1307 654 1339 683 et
1362 651 1510 683 tenendis
1533 651 1632 683 libere
1656 653 1687 682 et

212 723 320 765 quiete
335 723 375 754 de
391 722 485 754 dietis
500 721 616 754 abbate
632 724 664 753 et
681 724 840 753 conventu
857 732 918 763 que
930 721 1038 763 jacent
1048 721 1083 753 in
1097 721 1207 752 eodem
1220 720 1315 752 feodo
1327 721 1368 752 de
1381 720 1481 752 Novo
1493 719 1664 751 CASTELLO
1681 745 1685 749 .

212 803 349 834 quarum
372 803 438 823 una
460 791 546 834 jacet
568 791 603 822 in
625 790 832 833 longitudine
854 790 949 832 juxta
973 801 1062 832 sepes
1085 790 1126 821 de
1148 789 1384 821 LAGELESTON'
1411 815 1417 820 .
1442 789 1536 821 dietis
1559 788 1686 830 sepibus

212 861 360 903 proxima
375 863 481 902 preter
497 871 596 892 unam
612 871 719 891 acram
735 870 832 901 quam
856 862 943 891 tenet
967 859 1078 890 relicta
1102 858 1265 890 Pmmm
1282 858 1452 890 DUNNING
1472 884 1476 889 .
1496 869 1514 889 a
1529 857 1689 899 prenomi-

212 930 298 962 natis
314 929 430 962 abbate
445 932 476 961 et
493 931 654 961 conventu
679 954 685 960 .
710 927 755 960 Et
772 928 885 970 incipit
901 939 920 959 a
930 930 1021 970 parte
1034 927 1181 959 orientali
1193 930 1226 959 et
1235 927 1382 959 extendit
1392 927 1469 958 sein
1482 926 1687 969 longitudine

211 999 246 1031 in
268 1001 394 1041 partem
417 998 647 1031 occidentalem
669 998 766 1040 jmzta
788 997 891 1029 dietas
914 1008 1003 1039 sepes
1027 1021 1033 1028 .
1060 996 1105 1028 Et
1137 996 1172 1028 in
1207 995 1381 1028 latitudine
1413 995 1535 1027 habens
1568 997 1687 1026 terram

210 1067 370 1100 dictorum
386 1067 510 1100 abbatis
526 1070 558 1099 et
573 1069 749 1099 conventus
764 1067 798 1098 in
815 1069 905 1108 parte
921 1065 1101 1107 aquilonari
1114 1067 1146 1097 et
1158 1065 1291 1097 australi
1306 1091 1310 1096 .
1326 1065 1427 1096 altera
1437 1075 1511 1096 vero
1523 1075 1594 1095 aera
1604 1063 1689 1106 jacet

212 1137 245 1169 in
273 1137 368 1169 feodo
396 1137 435 1169 de
462 1136 742 1169 TETHEGESTOWE
769 1162 775 1167 .
800 1135 930 1167 Ultima
955 1136 994 1166 de
1018 1137 1104 1166 terra
1128 1134 1297 1167 WAme
1321 1133 1481 1165 LAGELES
1508 1159 1513 1164 .
1543 1133 1576 1164 in
1601 1135 1692 1174 parte

212 1206 393 1248 aquilonari
411 1232 416 1237 .
435 1209 468 1238 et
482 1205 598 1248 incipit
613 1217 631 1237 a
646 1205 700 1237 via
714 1205 843 1247 publiea
866 1216 905 1236 ex
929 1208 1019 1246 parte
1043 1203 1190 1235 orientali
1217 1206 1249 1234 et
1272 1202 1418 1234 extendit
1439 1213 1471 1234 se
1492 1201 1526 1233 in
1546 1201 1689 1244 longitu-

211 1275 287 1307 dine
311 1286 418 1307 versus
434 1274 578 1306 Tonans.
637 1274 740 1306 Facta
755 1277 864 1306 autem
880 1273 941 1305 fuit
958 1273 1015 1304 hee
1039 1272 1210 1304 eonveneio
1228 1297 1234 1303 .
1252 1282 1337 1303 anno
1361 1271 1483 1302 domini
1510 1278 1548 1302 nr*
1573 1276 1626 1301 πα
1646 1275 1684 1301 L0·

212 1347 323 1376 octavo
341 1370 346 1375 .
364 1344 468 1386 pridie
483 1346 559 1376 ante
575 1343 694 1376 festum
711 1343 821 1375 Sancti
838 1343 1017 1375 ΒΑΚΝΑΒΕ.
1066 1341 1137 1377 Que
1154 1344 1191 1372 ut
1214 1340 1338 1372 stabilis
1360 1342 1430 1372 rata
1461 1365 1466 1370 .
1493 1342 1526 1371 et
1552 1339 1687 1370 inviola-

212 1411 321 1444 biliter
343 1413 377 1444 in
408 1415 599 1455 perpetuum
629 1415 816 1454 permaneat
842 1438 847 1443 .
873 1411 995 1443 mutuis
1017 1409 1162 1453 partibus
1178 1409 1278 1452 hujus
1309 1409 1418 1450 scripti
1452 1434 1457 1439 .
1490 1408 1524 1439 in
1556 1408 1688 1440 modum

211 1482 393 1525 cirographi
410 1483 544 1514 confecti
562 1508 568 1514 .
585 1484 700 1514 mutua
716 1482 824 1524 sigilla
840 1493 896 1513 sua
912 1484 1137 1523 apposuerunt.
1185 1479 1263 1511 Hijs
1285 1477 1420 1510 testibus
1438 1504 1444 1510 .
1463 1477 1625 1510 Romano
1648 1477 1688 1509 de

211 1551 417 1584 CANTVLUPO
445 1577 451 1583 .
479 1552 645 1584 JOHANNE
668 1551 735 1583 filio
759 1550 947 1584 WILLELMI
975 1576 980 1581 .
1005 1549 1202 1582 WILLELMO
1225 1549 1255 1580 le
1279 1548 1421 1580 DENEYS
1447 1574 1452 1579 .
1479 1547 1633 1579 chARDo
1656 1546 1686 1578 le

210 1620 350 1653 Nonms
369 1647 374 1652 .
393 1620 530 1653 WRONU
548 1620 588 1653 ab
604 1621 739 1653 CRADoc
757 1647 762 1653 .
781 1623 814 1652 et
829 1620 910 1652 aliis.

256 1689 376 1721 Round
392 1690 467 1728 seal,
484 1690 564 1722 dark
580 1701 676 1732 green
695 1701 776 1728 wax,
799 1689 977 1732 imperfect.
1029 1688 1111 1726 lssin.
1139 1687 1236 1719 diam.
1284 1686 1317 1718 A
1341 1685 1470 1728 knight.
1497 1685 1640 1727 wearing
1667 1695 1686 1715 a

210 1761 345 1797 snrooat,
362 1759 554 1801 flat-topped
577 1759 707 1798 helmet,
732 1758 834 1791 shield
858 1758 892 1790 of
915 1768 1018 1789 arms:
1043 1768 1062 1788 a
1089 1756 1226 1788 ehevron
1251 1755 1292 1797 (?)
1311 1767 1317 1793 ;
1341 1754 1452 1797 riding
1479 1765 1521 1786 on
1549 1765 1567 1785 a
1592 1753 1683 1785 horse

209 1827 379 1870 galloping
395 1830 428 1859 to
444 1827 499 1859 the
514 1827 613 1870 right.
660 1827 702 1860 In
718 1828 769 1860 his
784 1827 873 1870 right
889 1827 977 1859 hand
993 1837 1011 1857 a
1027 1825 1140 1864 sword,
1158 1824 1237 1856 with
1252 1824 1308 1856 the
1323 1823 1385 1855 left
1400 1823 1440 1855 he
1456 1823 1549 1855 holds
1565 1834 1583 1854 a
1602 1822 1682 1854 horn

209 1899 243 1928 to
260 1897 309 1928 his
324 1896 447 1928 mouth.
495 1896 578 1929 Fine
601 1896 699 1929 work.

560 1968 568 1982 ‘
585 1970 616 2002 -{—
638 1977 704 1998 Sim
724 1990 859 1998 ......
878 1975 979 1996 ΒΕΒΉ
997 1987 1341 1995 ..............

231 2033 454 2066 Endorsed—‘
467 2034 715 2077 Cyrographum
760 2033 899 2067 &ilberti
935 2034 975 2066 de
1015 2031 1220 2064 Turbervilla
1259 2031 1298 2062 de
1338 2029 1502 2062 excambio
1546 2030 1683 2061 duarum

210 2102 378 2134 acrarum)
