1998 2724
1543 151 1607 182 257

170 310 430 343 confirmavimus
447 336 452 341 .
471 309 493 342 J
496 320 630 341 OHANNI
647 309 714 341 filio
731 309 919 341 RADULPHI
937 308 1082 340 UTLAGE
1101 334 1106 339 .
1126 310 1229 339 totam
1245 310 1364 340 terram
1381 307 1471 339 illam
1496 308 1529 339 in
1558 310 1650 350 prato

169 380 328 412 Lssownw
348 405 353 410 .
372 390 469 421 quam
486 378 702 410 RADULPsz
718 381 809 420 pater
826 390 902 409 suus
917 377 996 409 emit
1012 378 1052 409 de
1068 377 1262 409 AILWARDO
1278 379 1412 409 textore.
1461 376 1650 409 Tenendam

166 452 199 482 et
214 449 397 482 habendam
413 449 590 491 predictam
612 451 730 480 terram
752 449 792 480 de
813 448 944 480 ecclesia
966 447 1053 479 beati
1076 447 1098 479 J
1100 458 1196 478 Acom
1221 447 1281 479 sibi
1303 450 1335 478 et
1362 447 1534 479 heredibus
1558 447 1623 479 suis
1641 473 1647 478 .

165 519 265 552 libere
288 523 321 551 et
343 519 451 561 quiete
473 517 729 550 hereditabiliter
747 542 752 548 .
770 518 934 549 reddendo
949 517 1026 548 inde
1042 517 1213 548 annuatim
1229 516 1358 548 ecclesie
1374 515 1486 548 Sancti
1502 516 1524 548 J
1526 527 1623 548 ACOBI
1642 542 1648 548 .

166 600 227 621 ΧΠ.
244 589 391 621 denarios
406 589 447 620 ad
463 587 584 620 festum
600 586 712 619 Sancti
728 586 925 619 MianEms
942 612 948 618 .
966 598 1024 629 pro
1040 586 1128 618 omni
1144 586 1274 618 servitio
1286 589 1319 618 et
1332 586 1508 618 exactione.
1555 586 1602 618 Et
1613 586 1648 618 in

166 658 347 690 mutatione
362 658 517 689 heredum
534 657 668 688 heredes
684 657 733 688 sui
749 656 873 688 dabunt
890 656 1019 688 ecclesie
1035 655 1146 688 Sancti
1161 655 1184 688 J
1187 667 1283 687 ACOBI
1306 681 1312 687 .
1337 655 1508 687 dimidiam
1532 655 1649 687 libram

165 728 284 770 piperis
300 728 340 759 de
355 726 585 769 recognitione.
634 725 730 761 Quod
746 728 783 757 ut
798 729 905 757 ratum
922 728 954 757 et
971 725 1085 757 stabile
1097 726 1284 767 permaneat
1301 750 1307 756 .
1325 727 1507 767 presentem
1527 726 1648 756 cartam

166 797 266 840 sigilli
281 797 382 829 nostri
398 796 599 839 appositione
614 795 844 827 roboravimus
893 794 970 826 Hiis
986 794 1130 826 testibus.

210 867 414 899 Entitled—‘
427 866 525 898 Carta
540 865 687 907 ejusdem
703 865 743 896 de
759 864 894 896 eodem.'

396 935 512 957 *Pratum
523 934 645 956 Lcowini'
658 934 678 955 is
690 933 795 956 Lcwin's
808 933 888 959 Mead,
901 940 958 955 near
970 936 995 955 to
1008 934 1043 955 st.
1054 932 1161 955 James's
1173 932 1269 955 Chul-ch
1282 932 1307 954 iu
1319 932 1419 954 Bristol.

341 978 391 1000 The
404 977 487 1006 pound
499 977 523 998 of
542 983 633 1005 pepper
645 976 750 1005 payaffle
762 983 792 997 on
805 976 898 1003 change
911 976 934 997 os
953 975 1003 997 heir
1016 976 1034 997 is
1047 983 1061 997 a
1072 982 1131 1004 very
1143 975 1211 1004 early
1222 974 1336 1003 example
1347 975 1372 997 of
1389 974 1474 996 herim.

819 1170 986 1204 CCLVII.

167 1254 329 1287 GRANT
353 1254 419 1286 ΒΥ
442 1254 542 1286 ΤΗΕ
566 1253 713 1286 PRIOR
737 1254 796 1286 OF
820 1253 882 1285 ST.
903 1253 925 1285 J
928 1252 1101 1291 AMES’S,
1122 1252 1333 1291 BRISTOL,
1353 1251 1411 1284 TO
1436 1252 1648 1285 MARGAM

274 1323 448 1363 ABBEY,
466 1323 524 1355 OF
544 1323 678 1356 LAND
698 1322 752 1355 IN
769 1322 971 1355 LEWIN’S
991 1321 1138 1359 MEAD,
1156 1321 1366 1359 BRISTOL,
1383 1321 1650 1353 FORMERLY

276 1392 410 1425 HELD
436 1393 500 1424 BY
523 1392 662 1431 JOHN,
687 1392 775 1425 SON
800 1391 859 1423 oF
884 1391 1047 1423 RALPH
1073 1390 1134 1422 LE
1158 1389 1362 1422 UTLAGE.

711 1474 885 1517 [MARGAM
910 1473 1105 1515 CHARTER]

210 1558 321 1590 Sciant
352 1561 515 1600 presentes
546 1560 577 1589 et
608 1558 713 1589 futuri
739 1583 744 1589 .
771 1558 857 1599 quod
885 1568 945 1599 ego
970 1582 975 1587 .
1003 1555 1057 1588 W.
1083 1556 1187 1588 dictus
1210 1556 1298 1597 prior
1321 1555 1431 1588 Sancti
1455 1555 1477 1587 J
1480 1566 1576 1587 ΑυοΒΙ
1609 1556 1648 1587 de

166 1627 408 1671 BR1sT[0LL1A]
428 1630 460 1659 et
476 1627 626 1659 monachi
641 1627 762 1659 ibidem
778 1626 849 1658 Deo
862 1626 1035 1658 servientes
1049 1651 1055 1657 .
1070 1625 1281 1657 concessimus
1293 1628 1326 1656 et
1335 1625 1395 1657 hac
1405 1625 1547 1667 presenti
1560 1628 1647 1656 carta

167 1701 276 1730 nostra
291 1697 550 1729 confirmavimus
570 1697 698 1729 ecclesie
719 1696 812 1728 beate
829 1696 950 1727 Mmm
966 1696 1006 1727 de
1030 1694 1185 1726 MARGAN
1212 1720 1217 1726 .
1243 1698 1275 1726 et
1298 1695 1474 1728 conventui
1497 1694 1644 1736 ejusdem

165 1768 226 1800 loci
245 1792 251 1798 .
270 1768 434 1808 quandam
449 1770 568 1799 terram
592 1767 626 1798 in
651 1769 742 1808 prato
766 1765 926 1798 LEowml
953 1791 958 1796 .
984 1765 1074 1796 illam
1099 1763 1218 1796 scilicet
1242 1776 1339 1806 quam
1356 1763 1540 1796 JOHANNEs
1561 1763 1647 1795 filius

166 1837 351 1869 RADULPHI
376 1836 406 1868 le
430 1836 575 1868 UTLAGE
599 1836 638 1868 de
662 1835 754 1867 nobis
777 1835 883 1867 tenuit
904 1860 910 1866 .
932 1845 1029 1876 quam
1053 1834 1151 1865 etiam
1175 1834 1215 1865 de
1238 1834 1323 1865 dono
1347 1832 1503 1865 Hmmm
1528 1832 1645 1864 CUMIN

164 1906 346 1938 habuimus.
371 1905 560 1937 Tenendam
576 1908 609 1936 et
624 1904 807 1937 habendam
824 1904 1000 1946 predictam
1017 1907 1134 1934 terram
1151 1903 1293 1944 predicte
1309 1902 1437 1934 ecclesie
1454 1905 1486 1934 et
1497 1902 1645 1944 ejusdem

163 1975 224 2007 loci
241 1975 413 2006 conventui
430 1999 437 2006 .
455 1975 494 2006 de
509 1974 602 2006 nobis
625 1978 658 2006 et
680 1973 911 2006 successoribus
934 1972 1050 2004 nostris
1073 1972 1107 2003 iu
1131 1976 1324 2013 perpetuum
1348 1997 1355 2003 .
1379 1972 1544 2003 reddendo
1568 1972 1645 2002 inde

164 2044 334 2076 annuatim
352 2070 358 2075 .
376 2043 468 2076 nobis
484 2047 515 2075 et
532 2043 763 2076 successoribus
774 2042 892 2075 nostris
904 2053 963 2074 ΧΗ.
978 2041 1126 2073 denarios
1138 2041 1179 2073 ad
1192 2040 1311 2073 festum
1325 2040 1435 2072 Sancti
1448 2040 1645 2072 MICHAELIS

163 2124 220 2155 pro
236 2113 325 2144 omni
341 2113 479 2145 servitio.
527 2112 623 2147 Quod
640 2116 677 2144 ut
693 2111 799 2155 magis
814 2114 922 2143 ratum
938 2111 979 2143 sit
996 2114 1027 2142 et
1051 2110 1274 2142 inconcussum
1299 2135 1305 2140 .
1331 2121 1461 2151 presens
1486 2109 1642 2151 scriptum

163 2183 264 2225 sigilli
279 2182 381 2214 nostri
396 2182 596 2224 appositione
612 2182 751 2225 dignum
768 2182 921 2213 duximus
937 2181 1203 2212 confirmandum.

205 2251 410 2283 Entitled—‘
422 2250 670 2294 Cyrographum
687 2250 808 2282 Prioris
825 2249 934 2282 Sancti
951 2249 973 2282 J
976 2249 1066 2281 acobi
1082 2249 1122 2281 de
1137 2251 1224 2281 terra
1240 2247 1387 2290 Utlage.'

313 2358 371 2384 ΖΗ
