<?xml version="1.0" encoding="UTF-8"?>
<!DOCTYPE html PUBLIC "-//W3C//DTD XHTML 1.0 Transitional//EN"
    "http://www.w3.org/TR/xhtml1/DTD/xhtml1-transitional.dtd">
<html xmlns="http://www.w3.org/1999/xhtml" xml:lang="en" lang="en">
 <head>
  <title>
</title>
<meta http-equiv="Content-Type" content="text/html;charset=utf-8" />
  <meta name='ocr-system' content='tesseract 3.04.00' />
  <meta name='ocr-capabilities' content='ocr_page ocr_carea ocr_par ocr_line ocrx_word'/>
</head>
<body>
  <div class='ocr_page' id='page_1' title='image "./cartaeetaliamuni02claruoft_0390.png"; bbox 0 0 1998 2724; ppageno 0'>
   <div class='ocr_carea' id='block_1_1' title="bbox 359 180 422 211">
    <p class='ocr_par' dir='ltr' id='par_1_1' title="bbox 359 180 422 211">
     <span class='ocr_line' id='line_1_1' title="bbox 359 180 422 211; baseline 0.016 -1"><span class='ocrx_word' id='word_1_1' title='bbox 359 180 422 211; x_wconf 75' lang='lat'>(506</span> 
     </span>
    </p>
   </div>
   <div class='ocr_carea' id='block_1_2' title="bbox 959 366 1142 399">
    <p class='ocr_par' dir='ltr' id='par_1_2' title="bbox 959 366 1142 399">
     <span class='ocr_line' id='line_1_2' title="bbox 959 366 1142 399; baseline 0 0"><span class='ocrx_word' id='word_1_2' title='bbox 959 366 1142 399; x_wconf 86' lang='lat' dir='ltr'>DLXXX.</span> 
     </span>
    </p>
   </div>
   <div class='ocr_carea' id='block_1_3' title="bbox 315 447 1794 690">
    <p class='ocr_par' dir='ltr' id='par_1_3' title="bbox 315 447 1794 690">
     <span class='ocr_line' id='line_1_3' title="bbox 315 447 1792 490; baseline 0.001 -7"><span class='ocrx_word' id='word_1_3' title='bbox 315 450 659 483; x_wconf 80' lang='lat' dir='ltr'><strong>RATIFIGATION</strong></span> <span class='ocrx_word' id='word_1_4' title='bbox 695 449 760 481; x_wconf 90' lang='lat' dir='ltr'>BY</span> <span class='ocrx_word' id='word_1_5' title='bbox 799 448 898 481; x_wconf 86' lang='lat' dir='ltr'>THE</span> <span class='ocrx_word' id='word_1_6' title='bbox 937 447 1168 481; x_wconf 77' lang='lat' dir='ltr'><strong>GENERAL</strong></span> <span class='ocrx_word' id='word_1_7' title='bbox 1206 448 1430 482; x_wconf 81' lang='lat' dir='ltr'><strong>GHAPTER</strong></span> <span class='ocrx_word' id='word_1_8' title='bbox 1469 449 1528 481; x_wconf 86' lang='lat' dir='ltr'>OF</span> <span class='ocrx_word' id='word_1_9' title='bbox 1566 449 1792 490; x_wconf 84' lang='lat' dir='ltr'>CITEAUX,</span> 
     </span>
     <span class='ocr_line' id='line_1_4' title="bbox 424 517 1794 552; baseline 0 0"><span class='ocrx_word' id='word_1_10' title='bbox 424 520 484 552; x_wconf 84' lang='lat' dir='ltr'>OF</span> <span class='ocrx_word' id='word_1_11' title='bbox 507 519 574 552; x_wconf 91' lang='lat' dir='ltr'>AN</span> <span class='ocrx_word' id='word_1_12' title='bbox 598 517 899 552; x_wconf 78' lang='lat' dir='ltr'><strong>AGREEMENT</strong></span> <span class='ocrx_word' id='word_1_13' title='bbox 922 517 1162 550; x_wconf 81' lang='lat' dir='ltr'>BETWEEN</span> <span class='ocrx_word' id='word_1_14' title='bbox 1187 517 1286 550; x_wconf 80' lang='lat' dir='ltr'>THE</span> <span class='ocrx_word' id='word_1_15' title='bbox 1308 517 1490 550; x_wconf 77' lang='lat' dir='ltr'>ABBOTS</span> <span class='ocrx_word' id='word_1_16' title='bbox 1507 518 1566 550; x_wconf 84' lang='lat' dir='ltr'>OF</span> <span class='ocrx_word' id='word_1_17' title='bbox 1582 518 1794 552; x_wconf 78' lang='lat' dir='ltr'>MARGAM</span> 
     </span>
     <span class='ocr_line' id='line_1_5' title="bbox 423 585 1789 626; baseline -0.001 -5"><span class='ocrx_word' id='word_1_18' title='bbox 423 588 524 621; x_wconf 90' lang='lat' dir='ltr'>AND</span> <span class='ocrx_word' id='word_1_19' title='bbox 566 587 833 626; x_wconf 76' lang='lat' dir='ltr'>OAERLYON‚</span> <span class='ocrx_word' id='word_1_20' title='bbox 884 585 1179 619; x_wconf 72' lang='lat' dir='ltr'><strong>RESPEOTING</strong></span> <span class='ocrx_word' id='word_1_21' title='bbox 1223 586 1423 619; x_wconf 87' lang='lat' dir='ltr'>COMMON</span> <span class='ocrx_word' id='word_1_22' title='bbox 1466 586 1525 619; x_wconf 86' lang='lat' dir='ltr'>OF</span> <span class='ocrx_word' id='word_1_23' title='bbox 1571 587 1789 620; x_wconf 72' lang='lat' dir='ltr'><strong>PASTURE</strong></span> 
     </span>
     <span class='ocr_line' id='line_1_6' title="bbox 422 655 963 690; baseline -0.006 0"><span class='ocrx_word' id='word_1_24' title='bbox 422 657 485 690; x_wconf 79' lang='lat' dir='ltr'>AT</span> <span class='ocrx_word' id='word_1_25' title='bbox 519 655 963 690; x_wconf 73' lang='lat' dir='ltr'><strong>HYRWENWORGAN.</strong></span> 
     </span>
    </p>
   </div>
   <div class='ocr_carea' id='block_1_4' title="bbox 788 737 1749 781">
    <p class='ocr_par' dir='ltr' id='par_1_4' title="bbox 788 737 1749 781">
     <span class='ocr_line' id='line_1_7' title="bbox 788 737 1749 781; baseline -0.001 -11"><span class='ocrx_word' id='word_1_26' title='bbox 788 737 920 781; x_wconf 61' lang='lat' dir='ltr'>[HARL.</span> <span class='ocrx_word' id='word_1_27' title='bbox 947 738 1125 776; x_wconf 75' lang='lat' dir='ltr'>CHARTER‚</span> <span class='ocrx_word' id='word_1_28' title='bbox 1150 739 1190 769; x_wconf 77' lang='lat'>75</span> <span class='ocrx_word' id='word_1_29' title='bbox 1213 738 1256 770; x_wconf 86' lang='lat' dir='ltr'>A.</span> <span class='ocrx_word' id='word_1_30' title='bbox 1282 737 1330 781; x_wconf 86' lang='lat'>6.]</span> <span class='ocrx_word' id='word_1_31' title='bbox 1656 739 1749 770; x_wconf 83' lang='lat'>1253.</span> 
     </span>
    </p>
   </div>
   <div class='ocr_carea' id='block_1_5' title="bbox 309 819 1797 2249">
    <p class='ocr_par' dir='ltr' id='par_1_5' title="bbox 313 819 1795 1004">
     <span class='ocr_line' id='line_1_8' title="bbox 358 819 1795 862; baseline -0.001 -8"><span class='ocrx_word' id='word_1_32' title='bbox 358 822 529 854; x_wconf 89' lang='lat' dir='ltr'>Universis</span> <span class='ocrx_word' id='word_1_33' title='bbox 560 821 701 853; x_wconf 61' lang='lat' dir='ltr'>(mmm</span> <span class='ocrx_word' id='word_1_34' title='bbox 734 819 884 852; x_wconf 88' lang='lat' dir='ltr'>fidelibus</span> <span class='ocrx_word' id='word_1_35' title='bbox 908 831 1037 862; x_wconf 78' lang='lat' dir='ltr'>presens</span> <span class='ocrx_word' id='word_1_36' title='bbox 1064 820 1218 862; x_wconf 87' lang='lat' dir='ltr'>scriptum</span> <span class='ocrx_word' id='word_1_37' title='bbox 1245 820 1361 852; x_wconf 82' lang='lat' dir='ltr'>visuris</span> <span class='ocrx_word' id='word_1_38' title='bbox 1386 820 1436 852; x_wconf 90' lang='lat' dir='ltr'>vel</span> <span class='ocrx_word' id='word_1_39' title='bbox 1462 820 1630 852; x_wconf 79' lang='lat' dir='ltr'>audituris.</span> <span class='ocrx_word' id='word_1_40' title='bbox 1679 819 1795 852; x_wconf 79' lang='lat' dir='ltr'>Frater</span> 
     </span>
     <span class='ocr_line' id='line_1_9' title="bbox 313 889 1795 934; baseline -0.002 -10"><span class='ocrx_word' id='word_1_41' title='bbox 313 890 536 934; x_wconf 79' lang='lat' dir='ltr'>B[0nifatius]</span> <span class='ocrx_word' id='word_1_42' title='bbox 563 891 668 922; x_wconf 74' lang='lat' dir='ltr'>dictus</span> <span class='ocrx_word' id='word_1_43' title='bbox 694 890 793 922; x_wconf 83' lang='lat' dir='ltr'>abbas</span> <span class='ocrx_word' id='word_1_44' title='bbox 820 890 1071 922; x_wconf 71' lang='lat' dir='ltr'>CisTERCIENSIS</span> <span class='ocrx_word' id='word_1_45' title='bbox 1098 892 1248 931; x_wconf 88' lang='lat' dir='ltr'>totusque</span> <span class='ocrx_word' id='word_1_46' title='bbox 1275 894 1452 921; x_wconf 89' lang='lat' dir='ltr'>conventus</span> <span class='ocrx_word' id='word_1_47' title='bbox 1478 889 1633 921; x_wconf 83' lang='lat' dir='ltr'>abbatum</span> <span class='ocrx_word' id='word_1_48' title='bbox 1661 889 1795 931; x_wconf 85' lang='lat' dir='ltr'>capituli</span> 
     </span>
     <span class='ocr_line' id='line_1_10' title="bbox 313 959 1027 1004; baseline -0.006 -10"><span class='ocrx_word' id='word_1_49' title='bbox 313 961 473 1004; x_wconf 76' lang='lat' dir='ltr'>generalis</span> <span class='ocrx_word' id='word_1_50' title='bbox 488 960 533 992; x_wconf 88' lang='lat' dir='ltr'>rei</span> <span class='ocrx_word' id='word_1_51' title='bbox 550 965 639 1002; x_wconf 85' lang='lat' dir='ltr'>geste</span> <span class='ocrx_word' id='word_1_52' title='bbox 656 959 809 991; x_wconf 79' lang='lat' dir='ltr'>noticiam</span> <span class='ocrx_word' id='word_1_53' title='bbox 825 970 898 991; x_wconf 87' lang='lat' dir='ltr'>cum</span> <span class='ocrx_word' id='word_1_54' title='bbox 914 959 1027 990; x_wconf 84' lang='lat' dir='ltr'>salute.</span> 
     </span>
    </p>

    <p class='ocr_par' dir='ltr' id='par_1_6' title="bbox 309 1027 1794 1419">
     <span class='ocr_line' id='line_1_11' title="bbox 358 1027 1794 1071; baseline -0.002 -9"><span class='ocrx_word' id='word_1_55' title='bbox 358 1029 573 1062; x_wconf 84' lang='lat' dir='ltr'>Universitati</span> <span class='ocrx_word' id='word_1_56' title='bbox 590 1032 691 1061; x_wconf 86' lang='lat' dir='ltr'>vestre</span> <span class='ocrx_word' id='word_1_57' title='bbox 707 1028 909 1071; x_wconf 80' lang='lat' dir='ltr'>presentibus</span> <span class='ocrx_word' id='word_1_58' title='bbox 925 1029 1103 1060; x_wconf 79' lang='lat' dir='ltr'>innoteseat</span> <span class='ocrx_word' id='word_1_59' title='bbox 1126 1028 1212 1070; x_wconf 90' lang='lat' dir='ltr'>quod</span> <span class='ocrx_word' id='word_1_60' title='bbox 1228 1039 1286 1060; x_wconf 87' lang='lat' dir='ltr'>nos</span> <span class='ocrx_word' id='word_1_61' title='bbox 1302 1028 1495 1060; x_wconf 83' lang='lat' dir='ltr'>sententiam</span> <span class='ocrx_word' id='word_1_62' title='bbox 1517 1039 1535 1059; x_wconf 84' lang='lat' dir='ltr'>a</span> <span class='ocrx_word' id='word_1_63' title='bbox 1558 1027 1794 1060; x_wconf 86' lang='lat' dir='ltr'>venerabilibus</span> 
     </span>
     <span class='ocr_line' id='line_1_12' title="bbox 312 1096 1794 1140; baseline -0.002 -8"><span class='ocrx_word' id='word_1_64' title='bbox 312 1099 520 1132; x_wconf 80' lang='lat' dir='ltr'>coabbatibus</span> <span class='ocrx_word' id='word_1_65' title='bbox 546 1099 663 1130; x_wconf 86' lang='lat' dir='ltr'>nostris</span> <span class='ocrx_word' id='word_1_66' title='bbox 690 1099 729 1129; x_wconf 90' lang='lat' dir='ltr'>de</span> <span class='ocrx_word' id='word_1_67' title='bbox 754 1097 939 1130; x_wconf 70' lang='lat' dir='ltr'>BILDEWAS</span> <span class='ocrx_word' id='word_1_68' title='bbox 962 1098 1002 1129; x_wconf 87' lang='lat' dir='ltr'>de</span> <span class='ocrx_word' id='word_1_69' title='bbox 1026 1097 1172 1129; x_wconf 72' lang='lat' dir='ltr'>BRUERA</span> <span class='ocrx_word' id='word_1_70' title='bbox 1196 1099 1228 1130; x_wconf 89' lang='lat' dir='ltr'>et</span> <span class='ocrx_word' id='word_1_71' title='bbox 1251 1098 1290 1129; x_wconf 90' lang='lat' dir='ltr'>de</span> <span class='ocrx_word' id='word_1_72' title='bbox 1318 1096 1563 1128; x_wconf 50' lang='lat' dir='ltr'>Kys-assuens</span> <span class='ocrx_word' id='word_1_73' title='bbox 1588 1096 1752 1140; x_wconf 79' lang='lat' dir='ltr'>judicibus</span> <span class='ocrx_word' id='word_1_74' title='bbox 1774 1108 1794 1129; x_wconf 81' lang='lat' dir='ltr'>a</span> 
     </span>
     <span class='ocr_line' id='line_1_13' title="bbox 311 1165 1793 1212; baseline -0.003 -11"><span class='ocrx_word' id='word_1_75' title='bbox 311 1169 451 1212; x_wconf 75' lang='lat' dir='ltr'>capitulo</span> <span class='ocrx_word' id='word_1_76' title='bbox 475 1168 618 1211; x_wconf 83' lang='lat' dir='ltr'>generali</span> <span class='ocrx_word' id='word_1_77' title='bbox 635 1167 817 1199; x_wconf 85' lang='lat' dir='ltr'>constitutis</span> <span class='ocrx_word' id='word_1_78' title='bbox 840 1167 873 1199; x_wconf 88' lang='lat' dir='ltr'>in</span> <span class='ocrx_word' id='word_1_79' title='bbox 898 1178 992 1199; x_wconf 85' lang='lat' dir='ltr'>causa</span> <span class='ocrx_word' id='word_1_80' title='bbox 1015 1178 1078 1208; x_wconf 88' lang='lat' dir='ltr'>que</span> <span class='ocrx_word' id='word_1_81' title='bbox 1100 1166 1284 1198; x_wconf 71' lang='lat' dir='ltr'>vertebatur</span> <span class='ocrx_word' id='word_1_82' title='bbox 1299 1166 1385 1198; x_wconf 89' lang='lat' dir='ltr'>inter</span> <span class='ocrx_word' id='word_1_83' title='bbox 1401 1165 1564 1198; x_wconf 81' lang='lat' dir='ltr'>abbatiam</span> <span class='ocrx_word' id='word_1_84' title='bbox 1581 1166 1620 1198; x_wconf 90' lang='lat' dir='ltr'>de</span> <span class='ocrx_word' id='word_1_85' title='bbox 1638 1165 1793 1198; x_wconf 65' lang='lat' dir='ltr'>MARGAN</span> 
     </span>
     <span class='ocr_line' id='line_1_14' title="bbox 310 1234 1793 1280; baseline -0.002 -10"><span class='ocrx_word' id='word_1_86' title='bbox 310 1250 349 1270; x_wconf 82' lang='lat' dir='ltr'>ex</span> <span class='ocrx_word' id='word_1_87' title='bbox 366 1250 431 1270; x_wconf 86' lang='lat' dir='ltr'>una</span> <span class='ocrx_word' id='word_1_88' title='bbox 446 1240 537 1280; x_wconf 76' lang='lat' dir='ltr'>parte</span> <span class='ocrx_word' id='word_1_89' title='bbox 553 1241 584 1268; x_wconf 91' lang='lat' dir='ltr'>et</span> <span class='ocrx_word' id='word_1_90' title='bbox 601 1236 765 1269; x_wconf 76' lang='lat' dir='ltr'>abbatiam</span> <span class='ocrx_word' id='word_1_91' title='bbox 780 1237 820 1268; x_wconf 86' lang='lat' dir='ltr'>de</span> <span class='ocrx_word' id='word_1_92' title='bbox 837 1235 1006 1268; x_wconf 79' lang='lat' dir='ltr'>KERLYON</span> <span class='ocrx_word' id='word_1_93' title='bbox 1030 1247 1069 1267; x_wconf 84' lang='lat' dir='ltr'>ex</span> <span class='ocrx_word' id='word_1_94' title='bbox 1093 1236 1194 1267; x_wconf 83' lang='lat' dir='ltr'>altera</span> <span class='ocrx_word' id='word_1_95' title='bbox 1215 1235 1276 1267; x_wconf 89' lang='lat' dir='ltr'>rite</span> <span class='ocrx_word' id='word_1_96' title='bbox 1300 1246 1335 1267; x_wconf 87' lang='lat' dir='ltr'>ac</span> <span class='ocrx_word' id='word_1_97' title='bbox 1359 1234 1556 1277; x_wconf 81' lang='lat' dir='ltr'>judicialiter</span> <span class='ocrx_word' id='word_1_98' title='bbox 1572 1235 1672 1266; x_wconf 85' lang='lat' dir='ltr'>latam</span> <span class='ocrx_word' id='word_1_99' title='bbox 1696 1237 1793 1277; x_wconf 88' lang='lat' dir='ltr'>prout</span> 
     </span>
     <span class='ocr_line' id='line_1_15' title="bbox 309 1304 1794 1348; baseline -0.002 -9"><span class='ocrx_word' id='word_1_100' title='bbox 309 1308 445 1339; x_wconf 79' lang='lat' dir='ltr'>inferius</span> <span class='ocrx_word' id='word_1_101' title='bbox 477 1306 660 1339; x_wconf 81' lang='lat' dir='ltr'>continetur</span> <span class='ocrx_word' id='word_1_102' title='bbox 690 1305 836 1348; x_wconf 82' lang='lat' dir='ltr'>partibus</span> <span class='ocrx_word' id='word_1_103' title='bbox 875 1305 1076 1347; x_wconf 84' lang='lat' dir='ltr'>presentibus</span> <span class='ocrx_word' id='word_1_104' title='bbox 1113 1316 1150 1336; x_wconf 82' lang='lat' dir='ltr'>ao</span> <span class='ocrx_word' id='word_1_105' title='bbox 1189 1304 1463 1337; x_wconf 75' lang='lat' dir='ltr'>consentientibus</span> <span class='ocrx_word' id='word_1_106' title='bbox 1494 1304 1685 1336; x_wconf 83' lang='lat' dir='ltr'>auctoritate</span> <span class='ocrx_word' id='word_1_107' title='bbox 1715 1304 1794 1336; x_wconf 86' lang='lat' dir='ltr'>dieti</span> 
     </span>
     <span class='ocr_line' id='line_1_16' title="bbox 309 1375 859 1419; baseline -0.004 -11"><span class='ocrx_word' id='word_1_108' title='bbox 309 1377 443 1419; x_wconf 85' lang='lat' dir='ltr'>capituli</span> <span class='ocrx_word' id='word_1_109' title='bbox 460 1376 612 1408; x_wconf 80' lang='lat' dir='ltr'>duximus</span> <span class='ocrx_word' id='word_1_110' title='bbox 636 1375 859 1406; x_wconf 81' lang='lat' dir='ltr'>roborandam.</span> 
     </span>
    </p>

    <p class='ocr_par' dir='ltr' id='par_1_7' title="bbox 310 1443 1797 2249">
     <span class='ocr_line' id='line_1_17' title="bbox 355 1443 1793 1486; baseline -0.003 -8"><span class='ocrx_word' id='word_1_111' title='bbox 355 1445 514 1478; x_wconf 77' lang='lat' dir='ltr'>Omnibus</span> <span class='ocrx_word' id='word_1_112' title='bbox 531 1449 638 1477; x_wconf 85' lang='lat' dir='ltr'>sancte</span> <span class='ocrx_word' id='word_1_113' title='bbox 656 1445 767 1476; x_wconf 82' lang='lat' dir='ltr'>matris</span> <span class='ocrx_word' id='word_1_114' title='bbox 783 1444 911 1476; x_wconf 78' lang='lat' dir='ltr'>ecclesie</span> <span class='ocrx_word' id='word_1_115' title='bbox 935 1444 1010 1476; x_wconf 88' lang='lat' dir='ltr'>filiis</span> <span class='ocrx_word' id='word_1_116' title='bbox 1026 1454 1155 1486; x_wconf 82' lang='lat' dir='ltr'>presens</span> <span class='ocrx_word' id='word_1_117' title='bbox 1171 1443 1325 1486; x_wconf 86' lang='lat' dir='ltr'>scriptum</span> <span class='ocrx_word' id='word_1_118' title='bbox 1345 1443 1460 1475; x_wconf 83' lang='lat' dir='ltr'>visuris</span> <span class='ocrx_word' id='word_1_119' title='bbox 1484 1443 1534 1474; x_wconf 86' lang='lat' dir='ltr'>vel</span> <span class='ocrx_word' id='word_1_120' title='bbox 1551 1443 1711 1475; x_wconf 75' lang='lat' dir='ltr'>audituris</span> <span class='ocrx_word' id='word_1_121' title='bbox 1729 1467 1735 1474; x_wconf 93' lang='lat'><strong>.</strong></span> <span class='ocrx_word' id='word_1_122' title='bbox 1754 1443 1793 1474; x_wconf 87' lang='lat' dir='ltr'>de</span> 
     </span>
     <span class='ocr_line' id='line_1_18' title="bbox 311 1512 1791 1554; baseline -0.002 -7"><span class='ocrx_word' id='word_1_123' title='bbox 311 1515 497 1547; x_wconf 54' lang='lat' dir='ltr'>Enmwis</span> <span class='ocrx_word' id='word_1_124' title='bbox 505 1541 510 1546; x_wconf 95' lang='lat'>.</span> <span class='ocrx_word' id='word_1_125' title='bbox 519 1515 559 1546; x_wconf 87' lang='lat' dir='ltr'>de</span> <span class='ocrx_word' id='word_1_126' title='bbox 570 1514 716 1546; x_wconf 66' lang='lat' dir='ltr'>Bnumm</span> <span class='ocrx_word' id='word_1_127' title='bbox 727 1539 731 1545; x_wconf 97' lang='lat'>.</span> <span class='ocrx_word' id='word_1_128' title='bbox 741 1514 780 1545; x_wconf 90' lang='lat' dir='ltr'>de</span> <span class='ocrx_word' id='word_1_129' title='bbox 791 1513 1031 1545; x_wconf 68' lang='lat' dir='ltr'>KYNGEswonE</span> <span class='ocrx_word' id='word_1_130' title='bbox 1043 1512 1212 1545; x_wconf 79' lang='lat' dir='ltr'>abbatibus</span> <span class='ocrx_word' id='word_1_131' title='bbox 1223 1513 1359 1544; x_wconf 85' lang='lat' dir='ltr'>salutem</span> <span class='ocrx_word' id='word_1_132' title='bbox 1370 1513 1403 1544; x_wconf 88' lang='lat' dir='ltr'>in</span> <span class='ocrx_word' id='word_1_133' title='bbox 1415 1512 1546 1544; x_wconf 86' lang='lat' dir='ltr'>domiuo</span> <span class='ocrx_word' id='word_1_134' title='bbox 1553 1512 1791 1554; x_wconf 86' lang='lat' dir='ltr'>sempiternam.</span> 
     </span>
     <span class='ocr_line' id='line_1_19' title="bbox 311 1581 1794 1625; baseline -0.003 -9"><span class='ocrx_word' id='word_1_135' title='bbox 311 1585 475 1620; x_wconf 80' lang='lat' dir='ltr'>Quoniam</span> <span class='ocrx_word' id='word_1_136' title='bbox 514 1594 713 1625; x_wconf 83' lang='lat' dir='ltr'>quecumque</span> <span class='ocrx_word' id='word_1_137' title='bbox 751 1594 770 1614; x_wconf 87' lang='lat' dir='ltr'>a</span> <span class='ocrx_word' id='word_1_138' title='bbox 800 1582 990 1614; x_wconf 82' lang='lat' dir='ltr'>mortalibus</span> <span class='ocrx_word' id='word_1_139' title='bbox 1021 1584 1178 1624; x_wconf 88' lang='lat' dir='ltr'>geruntur</span> <span class='ocrx_word' id='word_1_140' title='bbox 1208 1581 1271 1613; x_wconf 87' lang='lat' dir='ltr'>m&#39;si</span> <span class='ocrx_word' id='word_1_141' title='bbox 1302 1582 1341 1613; x_wconf 84' lang='lat' dir='ltr'>ad</span> <span class='ocrx_word' id='word_1_142' title='bbox 1374 1584 1573 1624; x_wconf 82' lang='lat' dir='ltr'>posterorum</span> <span class='ocrx_word' id='word_1_143' title='bbox 1605 1581 1794 1613; x_wconf 81' lang='lat' dir='ltr'>memoriam</span> 
     </span>
     <span class='ocr_line' id='line_1_20' title="bbox 310 1650 1792 1695; baseline -0.003 -9"><span class='ocrx_word' id='word_1_144' title='bbox 310 1654 493 1686; x_wconf 80' lang='lat' dir='ltr'>litterarum</span> <span class='ocrx_word' id='word_1_145' title='bbox 520 1652 692 1695; x_wconf 72' lang='lat' dir='ltr'>diligentia</span> <span class='ocrx_word' id='word_1_146' title='bbox 718 1652 835 1694; x_wconf 81' lang='lat' dir='ltr'>scripto</span> <span class='ocrx_word' id='word_1_147' title='bbox 863 1651 1129 1683; x_wconf 79' lang='lat' dir='ltr'>commendentur</span> <span class='ocrx_word' id='word_1_148' title='bbox 1159 1662 1231 1682; x_wconf 86' lang='lat' dir='ltr'>ceca</span> <span class='ocrx_word' id='word_1_149' title='bbox 1258 1650 1418 1683; x_wconf 87' lang='lat' dir='ltr'>oblivione</span> <span class='ocrx_word' id='word_1_150' title='bbox 1450 1650 1552 1692; x_wconf 84' lang='lat' dir='ltr'>perire</span> <span class='ocrx_word' id='word_1_151' title='bbox 1580 1650 1792 1682; x_wconf 86' lang='lat' dir='ltr'>dinoscuntur</span> 
     </span>
     <span class='ocr_line' id='line_1_21' title="bbox 312 1719 1796 1764; baseline -0.003 -10"><span class='ocrx_word' id='word_1_152' title='bbox 312 1723 470 1755; x_wconf 82' lang='lat' dir='ltr'>universis</span> <span class='ocrx_word' id='word_1_153' title='bbox 491 1721 692 1764; x_wconf 74' lang='lat' dir='ltr'>presentibus</span> <span class='ocrx_word' id='word_1_154' title='bbox 715 1724 747 1752; x_wconf 89' lang='lat' dir='ltr'>et</span> <span class='ocrx_word' id='word_1_155' title='bbox 771 1720 890 1752; x_wconf 79' lang='lat' dir='ltr'>futuris</span> <span class='ocrx_word' id='word_1_156' title='bbox 914 1732 975 1762; x_wconf 88' lang='lat' dir='ltr'>que</span> <span class='ocrx_word' id='word_1_157' title='bbox 999 1731 1054 1761; x_wconf 86' lang='lat' dir='ltr'>per</span> <span class='ocrx_word' id='word_1_158' title='bbox 1078 1731 1135 1751; x_wconf 84' lang='lat' dir='ltr'>nos</span> <span class='ocrx_word' id='word_1_159' title='bbox 1158 1719 1349 1751; x_wconf 77' lang='lat' dir='ltr'>auctoritate</span> <span class='ocrx_word' id='word_1_160' title='bbox 1371 1719 1504 1761; x_wconf 83' lang='lat' dir='ltr'>capituli</span> <span class='ocrx_word' id='word_1_161' title='bbox 1528 1719 1687 1762; x_wconf 86' lang='lat' dir='ltr'>generalis</span> <span class='ocrx_word' id='word_1_162' title='bbox 1710 1719 1796 1750; x_wconf 84' lang='lat' dir='ltr'>inter</span> 
     </span>
     <span class='ocr_line' id='line_1_22' title="bbox 312 1787 1797 1830; baseline -0.002 -8"><span class='ocrx_word' id='word_1_163' title='bbox 312 1794 423 1824; x_wconf 82' lang='lat' dir='ltr'>domos</span> <span class='ocrx_word' id='word_1_164' title='bbox 447 1792 486 1823; x_wconf 76' lang='lat' dir='ltr'>(le</span> <span class='ocrx_word' id='word_1_165' title='bbox 510 1790 662 1822; x_wconf 74' lang='lat' dir='ltr'>MARGAN</span> <span class='ocrx_word' id='word_1_166' title='bbox 689 1793 719 1822; x_wconf 87' lang='lat' dir='ltr'>ct</span> <span class='ocrx_word' id='word_1_167' title='bbox 745 1789 914 1822; x_wconf 33' lang='lat' dir='ltr'>Knmivox</span> <span class='ocrx_word' id='word_1_168' title='bbox 939 1789 1176 1821; x_wconf 81' lang='lat' dir='ltr'>sentencialiter</span> <span class='ocrx_word' id='word_1_169' title='bbox 1203 1788 1378 1820; x_wconf 79' lang='lat' dir='ltr'>terminata</span> <span class='ocrx_word' id='word_1_170' title='bbox 1405 1792 1479 1820; x_wconf 79' lang='lat' dir='ltr'>sunt</span> <span class='ocrx_word' id='word_1_171' title='bbox 1508 1787 1649 1830; x_wconf 84' lang='lat' dir='ltr'>presenti</span> <span class='ocrx_word' id='word_1_172' title='bbox 1679 1787 1797 1830; x_wconf 85' lang='lat' dir='ltr'>scripto</span> 
     </span>
     <span class='ocr_line' id='line_1_23' title="bbox 315 1857 1797 1904; baseline -0.003 -11"><span class='ocrx_word' id='word_1_173' title='bbox 315 1861 482 1904; x_wconf 73' lang='lat' dir='ltr'>propalare</span> <span class='ocrx_word' id='word_1_174' title='bbox 493 1860 700 1892; x_wconf 78' lang='lat' dir='ltr'>decrevimus.</span> <span class='ocrx_word' id='word_1_175' title='bbox 750 1859 831 1890; x_wconf 71' lang='lat' dir='ltr'>Cum</span> <span class='ocrx_word' id='word_1_176' title='bbox 843 1859 929 1890; x_wconf 80' lang='lat' dir='ltr'>enim</span> <span class='ocrx_word' id='word_1_177' title='bbox 940 1859 979 1890; x_wconf 69' lang='lat' dir='ltr'>ad</span> <span class='ocrx_word' id='word_1_178' title='bbox 991 1858 1183 1900; x_wconf 77' lang='lat' dir='ltr'>peticionem</span> <span class='ocrx_word' id='word_1_179' title='bbox 1194 1857 1319 1889; x_wconf 75' lang='lat' dir='ltr'>abbatis</span> <span class='ocrx_word' id='word_1_180' title='bbox 1329 1858 1368 1889; x_wconf 83' lang='lat' dir='ltr'>de</span> <span class='ocrx_word' id='word_1_181' title='bbox 1380 1857 1532 1889; x_wconf 69' lang='lat' dir='ltr'>MARGAN</span> <span class='ocrx_word' id='word_1_182' title='bbox 1546 1857 1615 1889; x_wconf 84' lang='lat' dir='ltr'>dati</span> <span class='ocrx_word' id='word_1_183' title='bbox 1624 1857 1797 1889; x_wconf 76' lang='lat' dir='ltr'>fuissemus</span> 
     </span>
     <span class='ocr_line' id='line_1_24' title="bbox 314 1925 1795 1974; baseline -0.003 -12"><span class='ocrx_word' id='word_1_184' title='bbox 314 1930 438 1974; x_wconf 82' lang='lat' dir='ltr'>judiees</span> <span class='ocrx_word' id='word_1_185' title='bbox 476 1941 495 1961; x_wconf 81' lang='lat' dir='ltr'>a</span> <span class='ocrx_word' id='word_1_186' title='bbox 527 1929 668 1971; x_wconf 76' lang='lat' dir='ltr'>capitulo</span> <span class='ocrx_word' id='word_1_187' title='bbox 700 1928 844 1971; x_wconf 85' lang='lat' dir='ltr'>generali</span> <span class='ocrx_word' id='word_1_188' title='bbox 883 1939 978 1969; x_wconf 83' lang='lat' dir='ltr'>super</span> <span class='ocrx_word' id='word_1_189' title='bbox 1016 1938 1186 1959; x_wconf 70' lang='lat' dir='ltr'>commune</span> <span class='ocrx_word' id='word_1_190' title='bbox 1225 1930 1354 1968; x_wconf 77' lang='lat' dir='ltr'>pastui-e</span> <span class='ocrx_word' id='word_1_191' title='bbox 1391 1926 1431 1957; x_wconf 86' lang='lat' dir='ltr'>de</span> <span class='ocrx_word' id='word_1_192' title='bbox 1471 1925 1795 1964; x_wconf 58' lang='lat' dir='ltr'>Hvrzwsxwononx,</span> 
     </span>
     <span class='ocr_line' id='line_1_25' title="bbox 315 1994 1796 2040; baseline -0.003 -9"><span class='ocrx_word' id='word_1_193' title='bbox 315 2000 401 2031; x_wconf 86' lang='lat' dir='ltr'>unde</span> <span class='ocrx_word' id='word_1_194' title='bbox 417 1998 509 2030; x_wconf 85' lang='lat' dir='ltr'>nobis</span> <span class='ocrx_word' id='word_1_195' title='bbox 526 1998 648 2040; x_wconf 80' lang='lat' dir='ltr'>liquido</span> <span class='ocrx_word' id='word_1_196' title='bbox 664 1997 830 2029; x_wconf 74' lang='lat' dir='ltr'>constabat</span> <span class='ocrx_word' id='word_1_197' title='bbox 846 2009 902 2039; x_wconf 79' lang='lat' dir='ltr'>per</span> <span class='ocrx_word' id='word_1_198' title='bbox 918 1999 1075 2029; x_wconf 78' lang='lat' dir='ltr'>retroacta</span> <span class='ocrx_word' id='word_1_199' title='bbox 1091 1996 1169 2028; x_wconf 79' lang='lat' dir='ltr'>alias</span> <span class='ocrx_word' id='word_1_200' title='bbox 1184 1995 1260 2028; x_wconf 85' lang='lat' dir='ltr'>hinc</span> <span class='ocrx_word' id='word_1_201' title='bbox 1277 1999 1397 2027; x_wconf 79' lang='lat' dir='ltr'>motam</span> <span class='ocrx_word' id='word_1_202' title='bbox 1414 1995 1511 2027; x_wconf 79' lang='lat' dir='ltr'>fuisse</span> <span class='ocrx_word' id='word_1_203' title='bbox 1535 1994 1736 2036; x_wconf 85' lang='lat' dir='ltr'>questionem</span> <span class='ocrx_word' id='word_1_204' title='bbox 1764 1996 1796 2026; x_wconf 83' lang='lat' dir='ltr'>et</span> 
     </span>
     <span class='ocr_line' id='line_1_26' title="bbox 315 2064 1793 2108; baseline -0.005 -7"><span class='ocrx_word' id='word_1_205' title='bbox 315 2069 450 2101; x_wconf 77' lang='lat' dir='ltr'>eandem</span> <span class='ocrx_word' id='word_1_206' title='bbox 467 2067 628 2099; x_wconf 79' lang='lat' dir='ltr'>amicabili</span> <span class='ocrx_word' id='word_1_207' title='bbox 642 2066 809 2098; x_wconf 77' lang='lat' dir='ltr'>concordia</span> <span class='ocrx_word' id='word_1_208' title='bbox 821 2078 877 2108; x_wconf 88' lang='lat' dir='ltr'>per</span> <span class='ocrx_word' id='word_1_209' title='bbox 892 2065 1154 2108; x_wconf 80' lang='lat' dir='ltr'>compositionem</span> <span class='ocrx_word' id='word_1_210' title='bbox 1170 2065 1255 2096; x_wconf 82' lang='lat' dir='ltr'>inter</span> <span class='ocrx_word' id='word_1_211' title='bbox 1266 2068 1373 2106; x_wconf 81' lang='lat' dir='ltr'>partes</span> <span class='ocrx_word' id='word_1_212' title='bbox 1389 2064 1509 2095; x_wconf 80' lang='lat' dir='ltr'>factam</span> <span class='ocrx_word' id='word_1_213' title='bbox 1522 2064 1620 2095; x_wconf 76' lang='lat' dir='ltr'>fuisse</span> <span class='ocrx_word' id='word_1_214' title='bbox 1630 2064 1769 2105; x_wconf 82' lang='lat' dir='ltr'>sopitam</span> <span class='ocrx_word' id='word_1_215' title='bbox 1787 2089 1793 2094; x_wconf 94' lang='lat'><em>.</em></span> 
     </span>
     <span class='ocr_line' id='line_1_27' title="bbox 317 2131 1797 2179; baseline -0.006 -8"><span class='ocrx_word' id='word_1_216' title='bbox 317 2139 380 2171; x_wconf 77' lang='lat' dir='ltr'>Sed</span> <span class='ocrx_word' id='word_1_217' title='bbox 404 2148 475 2169; x_wconf 86' lang='lat' dir='ltr'>eam</span> <span class='ocrx_word' id='word_1_218' title='bbox 501 2141 609 2178; x_wconf 78' lang='lat' dir='ltr'>postea</span> <span class='ocrx_word' id='word_1_219' title='bbox 640 2147 679 2168; x_wconf 81' lang='lat' dir='ltr'>ex</span> <span class='ocrx_word' id='word_1_220' title='bbox 701 2138 791 2179; x_wconf 84' lang='lat' dir='ltr'>parte</span> <span class='ocrx_word' id='word_1_221' title='bbox 822 2136 981 2168; x_wconf 68' lang='lat' dir='ltr'>«lictorum</span> <span class='ocrx_word' id='word_1_222' title='bbox 1013 2134 1138 2167; x_wconf 77' lang='lat' dir='ltr'>abbatis</span> <span class='ocrx_word' id='word_1_223' title='bbox 1169 2136 1202 2166; x_wconf 88' lang='lat' dir='ltr'>et</span> <span class='ocrx_word' id='word_1_224' title='bbox 1225 2136 1401 2165; x_wconf 83' lang='lat' dir='ltr'>conventus</span> <span class='ocrx_word' id='word_1_225' title='bbox 1425 2132 1465 2164; x_wconf 87' lang='lat' dir='ltr'>de</span> <span class='ocrx_word' id='word_1_226' title='bbox 1493 2131 1661 2164; x_wconf 57' lang='lat' dir='ltr'>Kamaxos</span> <span class='ocrx_word' id='word_1_227' title='bbox 1689 2131 1797 2162; x_wconf 85' lang='lat' dir='ltr'>minus</span> 
     </span>
     <span class='ocr_line' id='line_1_28' title="bbox 316 2198 1795 2249; baseline -0.007 -9"><span class='ocrx_word' id='word_1_228' title='bbox 316 2208 441 2249; x_wconf 82' lang='lat' dir='ltr'>integre</span> <span class='ocrx_word' id='word_1_229' title='bbox 487 2205 687 2237; x_wconf 72' lang='lat' dir='ltr'>observatam</span> <span class='ocrx_word' id='word_1_230' title='bbox 724 2231 729 2237; x_wconf 95' lang='lat'>.</span> <span class='ocrx_word' id='word_1_231' title='bbox 766 2205 836 2237; x_wconf 83' lang='lat' dir='ltr'>Nos</span> <span class='ocrx_word' id='word_1_232' title='bbox 877 2204 1057 2237; x_wconf 71' lang='lat' dir='ltr'>convocatis</span> <span class='ocrx_word' id='word_1_233' title='bbox 1094 2203 1155 2234; x_wconf 85' lang='lat' dir='ltr'>rite</span> <span class='ocrx_word' id='word_1_234' title='bbox 1193 2201 1339 2244; x_wconf 84' lang='lat' dir='ltr'>partibus</span> <span class='ocrx_word' id='word_1_235' title='bbox 1376 2201 1411 2233; x_wconf 87' lang='lat' dir='ltr'>iu</span> <span class='ocrx_word' id='word_1_236' title='bbox 1449 2200 1580 2232; x_wconf 81' lang='lat' dir='ltr'>ecclesia</span> <span class='ocrx_word' id='word_1_237' title='bbox 1618 2198 1795 2232; x_wconf 72' lang='lat' dir='ltr'>cathedrali</span> 
     </span>
    </p>
   </div>
   <div class='ocr_carea' id='block_1_6' title="bbox 315 2267 1794 2312">
    <p class='ocr_par' dir='ltr' id='par_1_8' title="bbox 315 2267 1794 2312">
     <span class='ocr_line' id='line_1_29' title="bbox 315 2267 1794 2312; baseline -0.007 -3"><span class='ocrx_word' id='word_1_238' title='bbox 315 2277 513 2309; x_wconf 52' lang='lat' dir='ltr'>WVYGouNis</span> <span class='ocrx_word' id='word_1_239' title='bbox 538 2286 623 2307; x_wconf 79' lang='lat' dir='ltr'>anno</span> <span class='ocrx_word' id='word_1_240' title='bbox 649 2275 771 2307; x_wconf 78' lang='lat' dir='ltr'>domini</span> <span class='ocrx_word' id='word_1_241' title='bbox 799 2282 843 2306; x_wconf 57' lang='lat'>&gt;1⁰¹</span> <span class='ocrx_word' id='word_1_242' title='bbox 863 2279 916 2305; x_wconf 52' lang='lat' dir='ltr'>cc0*</span> <span class='ocrx_word' id='word_1_243' title='bbox 938 2280 973 2304; x_wconf 78' lang='lat'>1.⁰·</span> <span class='ocrx_word' id='word_1_244' title='bbox 994 2273 1100 2312; x_wconf 70' lang='lat' dir='ltr'>tercio,</span> <span class='ocrx_word' id='word_1_245' title='bbox 1129 2272 1210 2304; x_wconf 80' lang='lat' dir='ltr'>feria</span> <span class='ocrx_word' id='word_1_246' title='bbox 1237 2271 1376 2303; x_wconf 81' lang='lat' dir='ltr'>secunda</span> <span class='ocrx_word' id='word_1_247' title='bbox 1406 2272 1479 2312; x_wconf 86' lang='lat' dir='ltr'>post</span> <span class='ocrx_word' id='word_1_248' title='bbox 1500 2269 1643 2301; x_wconf 75' lang='lat' dir='ltr'>clausum</span> <span class='ocrx_word' id='word_1_249' title='bbox 1664 2267 1794 2307; x_wconf 68' lang='lat' dir='ltr'>rosolio,</span> 
     </span>
    </p>
   </div>
  </div>
 </body>
</html>
