1998 2724
346 176 410 207 534

948 434 1140 468 DXXVII.

305 517 468 550 GRANT
500 517 751 549 WHEREBY
782 516 882 548 THE
914 515 1027 548 SONS
1059 516 1119 549 OF
1149 516 1423 549 ALAYTHUR
1457 517 1596 550 MAKE
1632 518 1784 551 3ΕὸΤῖ-

412 586 594 619 'PUTION
633 586 727 618 FOR
765 585 951 618 INJURY
990 585 1121 618 DONE
1160 585 1218 618 ΤΟ
1256 586 1467 619 MARGAM
1504 586 1679 620 ABBEY.

848 667 1023 710 [MARGAM
1048 667 1241 710 CHARTER]
1646 669 1740 700 1246.

345 749 504 782 Omnibus
528 749 669 781 CHRISTl
695 749 844 781 fidelibus
868 760 996 791 presens
1020 749 1173 791 scriptum
1198 749 1312 781 visuris
1336 749 1385 781 vel
1409 741 1568 782 audituris
1596 776 1602 781 .
1632 749 1749 782 013an
1774 776 1781 783 .

300 819 412 851 REsus
430 845 436 850 .
454 821 486 851 et
503 818 677 850 CRADoccs
695 844 701 849 .
720 818 779 850 filii
795 817 993 850 ALAYTHUR
1009 818 1144 850 salutem
1162 818 1195 850 in
1212 818 1364 850 Domino.

342 888 479 920 Noverit
502 887 694 919 universitas
718 890 823 918 vestra
845 887 932 929 quod
952 887 1010 919 hec
1033 890 1081 919 est
1104 887 1271 920 eoncordia
1293 887 1398 919 finalis
1421 887 1508 919 facta
1523 899 1609 920 anno
1625 889 1749 921 domini
1773 915 1779 921 .

297 958 468 989 millesimo
503 983 507 988 .
545 957 764 989 ducentesimo
799 982 804 987 .
846 957 1092 998 quadragesimo
1128 959 1217 988 sexto
1247 983 1252 987 .
1286 957 1371 988 inter
1398 968 1456 989 nos
1482 959 1513 988 et
1542 958 1714 990 monachos
1742 959 1782 990 de

298 1026 452 1058 MARGAN
480 1052 485 1057 .
513 1025 660 1057 videlieet
686 1026 772 1067 quod
799 1037 857 1058 nos
882 1037 1012 1058 assensu
1042 1051 1047 1056 .
1082 1028 1114 1057 et
1142 1026 1273 1057 consilio
1304 1026 1480 1058 amicorum
1510 1029 1693 1059 nostrorum
1724 1039 1782 1070 pro

295 1095 446 1127 maximis
462 1098 493 1127 et
510 1094 695 1127 enormibus
711 1095 862 1137 dampnis
878 1106 941 1137 que
957 1095 1051 1127 dietis
1072 1094 1236 1127 monachis
1251 1095 1423 1127 intulimus
1441 1122 1446 1127 .
1465 1098 1578 1138 utpote
1593 1096 1628 1128 in
1643 1096 1748 1129 bladis
1773 1123 1779 1128 .

294 1166 367 1197 feno
395 1192 400 1197 .
427 1165 527 1208 pratis
552 1192 557 1197 .
583 1164 725 1207 pasturis
751 1190 755 1195 .
782 1165 926 1207 piscariis
951 1191 957 1196 .
983 1165 1167 1197 nemoribus
1192 1191 1197 1196 .
1224 1165 1370 1208 grangiis
1394 1191 1399 1196 .
1425 1164 1575 1197 bercariis
1596 1192 1601 1198 .
1620 1168 1653 1197 et
1667 1167 1783 1198 averiis

294 1235 429 1267 multis.
449 1234 543 1266 rebus
563 1236 595 1266 et
619 1234 690 1265 asiis
712 1233 960 1276 quamplurimis
985 1260 990 1266 .
1015 1245 1094 1275 quas
1116 1234 1169 1266 hio
1192 1234 1296 1266 dicere
1319 1234 1587 1275 pretermittimus
1610 1261 1615 1266 .
1641 1246 1778 1277 quorum

295 1305 511 1347 dampnorum
529 1315 655 1336 summa
671 1304 712 1335 ad
729 1306 887 1335 trecentas
903 1303 1021 1346 viginti
1035 1306 1173 1345 quatuor
1188 1302 1287 1334 libras
1303 1314 1322 1334 a
1334 1303 1411 1335 viris
1419 1303 1635 1345 prudentibus
1651 1315 1780 1347 compu-

291 1374 422 1406 tabatur
440 1399 445 1405 .
464 1374 612 1405 dedimus
629 1399 634 1404 .
654 1375 685 1405 et
701 1373 913 1405 concessimus
930 1372 1040 1405 domui
1057 1372 1149 1404 beate
1176 1371 1296 1404 ΜΑΒΙΕ
1317 1373 1357 1404 de
1380 1371 1536 1404 MARGAN
1561 1377 1593 1405 ct
1615 1373 1779 1406 monachis

294 1443 415 1475 ibidem
432 1442 502 1475 Deo
519 1441 732 1474 servientibus
748 1445 785 1474 ut
800 1441 941 1474 habeant
957 1442 992 1473 in
1008 1441 1101 1474 bosco
1113 1443 1220 1473 nostro
1233 1441 1341 1473 omnia
1357 1442 1533 1474 necessaria
1548 1442 1616 1474 sine
1633 1441 1752 1485 gabulo
1770 1468 1776 1474 .

292 1515 325 1544 et
350 1524 386 1544 eo
407 1524 465 1554 pro
489 1512 655 1543 voluntate
678 1523 735 1543 sua
755 1513 890 1543 utantur
912 1514 947 1543 ut
973 1511 1101 1553 proprio
1125 1511 1218 1543 bosco
1242 1522 1300 1553 pro
1316 1511 1410 1543 nobis
1427 1513 1458 1543 et
1474 1511 1645 1544 heredibus
1661 1511 1778 1544 nostris

294 1582 362 1613 sine
378 1582 610 1624 impedimento
628 1581 661 1613 in
678 1583 871 1623 perpetuum
889 1606 894 1611 .
913 1592 970 1622 pro
994 1591 1115 1622 magna
1138 1580 1353 1612 destructione
1377 1591 1475 1622 quam
1498 1580 1633 1612 fecimus
1665 1591 1722 1612 nos
1747 1583 1779 1612 et

294 1651 441 1683 homines
450 1651 550 1682 nostri
564 1651 598 1682 in
612 1650 796 1683 nemoribus
809 1650 969 1682 dictorum
981 1649 1220 1681 monachorum.
1268 1648 1420 1680 Pretcrea
1431 1649 1466 1681 in
1482 1649 1777 1692 recompensatione

293 1721 455 1752 dictorum
471 1721 686 1762 dampnorum
703 1719 889 1761 pacabimus
904 1719 991 1750 infra
1008 1719 1185 1750 triennium
1200 1719 1294 1750 dictis
1311 1719 1475 1751 monachis
1498 1718 1668 1761 sexaginta
1692 1729 1776 1750 mar-

296 1801 347 1821 cas
363 1814 370 1821 .
389 1791 422 1820 in
440 1789 544 1831 primo
561 1800 646 1820 anno
663 1788 813 1820 videficet
829 1788 870 1820 ad
886 1787 1006 1820 festum
1028 1786 1139 1819 Sancti
1154 1787 1175 1819 J
1179 1798 1274 1819 Acom
1291 1788 1427 1829 apostoli
1451 1788 1560 1819 decem
1584 1798 1706 1819 marcas
1723 1813 1728 1818 .
1747 1790 1779 1819 et

294 1859 337 1890 ad
353 1859 472 1890 festum
489 1858 634 1890 oninium
651 1860 835 1890 sanctorm
852 1868 986 1899 sequens
1002 1857 1111 1888 decem
1135 1868 1256 1888 marcas
1273 1882 1279 1888 .
1298 1857 1394 1888 simili
1421 1856 1514 1888 modo
1538 1857 1676 1888 seeundo
1693 1867 1778 1888 anno

293 1931 324 1959 et
342 1928 449 1959 tercio.
496 1926 531 1959 Si
549 1938 621 1958 vero
637 1927 677 1958 de
693 1926 784 1958 nobis
800 1925 989 1958 humanitus
1005 1926 1091 1957 infra
1107 1926 1230 1957 dietum
1247 1930 1372 1967 tempus
1388 1925 1560 1967 contigerit
1577 1950 1582 1956 .
1602 1924 1734 1956 heredes
1746 1928 1777 1956 et

293 1997 388 2028 amici
404 1996 505 2028 nostri
522 1996 641 2027 dictam
658 1995 827 2037 pecuniam
843 1994 936 2027 dictis
953 1995 1098 2027 terminis
1112 1994 1276 2026 monachis
1287 1994 1437 2036 predictis
1453 1993 1591 2026 fideliter
1602 1992 1773 2036 pacabunt.

294 2065 431 2108 Insuper
455 2069 563 2097 autem
588 2076 646 2096 nos
671 2068 702 2096 ct
728 2064 859 2096 heredes
883 2063 983 2096 nostri
1008 2063 1144 2105 singulis
1167 2063 1261 2095 annis
1284 2063 1325 2095 ad
1349 2062 1467 2095 festum
1491 2061 1602 2094 Sancti
1625 2062 1775 2094 Amnum

293 2135 427 2178 apostoli
452 2134 568 2176 viginti
594 2134 711 2165 solidos
735 2134 829 2165 dictis
852 2132 1016 2165 monachis
1040 2132 1170 2165 nomine
1186 2132 1331 2164 redditus
1347 2132 1506 2163 solvemus
1521 2131 1553 2162 in
1572 2132 1772 2174 perpetuum.

295 2204 427 2235 Necnon
452 2208 482 2235 et
507 2203 670 2235 redditum
696 2214 791 2245 quem
815 2214 872 2246 pro
897 2201 1054 2245 prioribus
1077 2201 1227 2243 dampnis
1251 2199 1442 2242 supradictis
1465 2198 1630 2231 monachis
1651 2210 1671 2230 a
1686 2197 1777 2230 nobis

293 2273 391 2305 illatis
410 2299 415 2304 .
435 2273 476 2305 ad
493 2273 609 2304 festum
630 2272 739 2304 Sancti
758 2272 955 2303 Mwflsfflas
972 2272 1102 2303 reddere
1120 2270 1342 2302 consuevimus
1357 2295 1362 2301 .
1375 2269 1546 2300 reddemus
1559 2293 1565 2299 .
1580 2269 1676 2310 prout
1691 2269 1776 2298 carte
