1998 2724
1529 189 1591 219 609

795 515 999 548 DLXXXI.

162 598 458 632 INSPEXIMUS
497 597 563 630 BY
593 597 693 630 THE
725 597 906 630 ABBOTS
937 598 996 630 OF
1034 598 1249 632 TINTERN
1280 599 1382 631 AND
1418 600 1546 632 DORE
1579 600 1638 632 OF

271 661 483 695 LETTERS
521 661 654 693 FROM
693 660 792 693 THE
824 661 1053 694 GENERAL
1091 662 1375 695 OISTERCIAN
1414 663 1639 696 OHAPTER

271 732 329 765 ΤΟ
355 731 454 764 THE
477 730 635 763 ABBOT
659 730 718 761 OF
743 729 1167 770 STRATA·FLOR1DA‚
1184 731 1436 764 ORDERING
1460 732 1556 765 HIM
1580 732 1638 765 ΤΟ

272 799 492 833 ENFORGE
530 799 629 831 THE
668 798 918 831 SENTENOE
960 799 1285 833 PRONOUNOED
1324 801 1378 833 IN
1416 801 1449 834 A
1487 801 1640 835 GAUSE

273 868 512 903 BETWEEN
542 868 642 900 THE
673 867 861 900 ABBEYS
894 868 953 900 OF
984 869 1194 902 MARGAM
1225 870 1327 903 AND
1364 870 1617 903 GAERLION.

619 950 751 993 [HARL.
778 950 956 989 ΟΗΑΒΤΕΚ,
980 953 1021 983 75
1046 951 1088 983 D.
1115 951 1186 994 11.]

166 1034 325 1066 MORRow
349 1045 388 1065 OF
412 1044 482 1065 THE
505 1033 583 1065 DAY
606 1043 647 1064 or
670 1043 739 1064 THE
765 1032 911 1064 ELEVEN
935 1032 1124 1066 Tnoosmn
1148 1033 1306 1066 VIRGINs.
1354 1035 1396 1066 22
1421 1035 1497 1067 ΟοΤ.
1548 1036 1641 1067 1253.

209 1103 380 1136 Universis
412 1102 554 1135 CHRISTI
586 1101 736 1134 fidelibus
765 1113 896 1144 presens
926 1103 1079 1145 seriptum
1111 1104 1226 1136 visuris
1257 1104 1307 1135 vel
1339 1105 1498 1137 audituris
1529 1104 1644 1137 fratres

164 1173 198 1206 J.
220 1173 260 1205 de
286 1172 496 1205 THINTERNA
522 1198 527 1204 .
554 1170 794 1214 ST[EPHANUS]
830 1171 869 1203 de
894 1171 993 1203 DORA
1025 1172 1103 1204 dieti
1128 1172 1259 1205 abbates
1283 1173 1419 1205 salutem
1443 1173 1476 1205 in
1501 1173 1644 1206 Domino

166 1245 320 1275 eternam.

210 1312 347 1344 Noverit
364 1311 492 1344 dileetio
508 1314 614 1343 vestra
629 1322 687 1343 nos
703 1311 858 1353 quasdem
873 1311 984 1342 literas
1005 1322 1023 1341 a
1045 1310 1186 1352 capitulo
1205 1311 1349 1353 generali
1372 1313 1513 1354 dompno
1536 1312 1647 1344 abbati

166 1382 206 1414 de
237 1380 540 1413 STRATA-FLORIDA
571 1380 604 1412 in
636 1380 797 1422 presentia
828 1383 938 1412 nostra
967 1379 1169 1412 transmissas
1202 1380 1375 1422 inspexisse
1405 1393 1491 1413 anno
1522 1382 1645 1414 domini

166 1456 210 1482 ΜΟ·
230 1456 284 1482 00⁰-
303 1456 342 1481 ι’)-
360 1450 455 1482 tertio
480 1475 486 1481 .
511 1449 545 1481 in
569 1449 668 1481 ALBA
692 1449 795 1481 Domo
819 1449 877 1481 sub
900 1449 960 1481 hae
983 1449 1096 1480 forma.

210 1519 253 1552 In
268 1519 406 1551 erastino
422 1519 571 1551 undecim
587 1519 716 1551 milium
732 1519 907 1561 virginum.
954 1518 1086 1550 Ffrater
1102 1518 1140 1550 Β.
1159 1519 1264 1550 dictus
1280 1519 1378 1552 abbas
1395 1519 1646 1553 CIsTERolENSIS

165 1591 316 1630 totusque
339 1590 515 1620 conventus
537 1587 692 1620 abbatum
715 1588 849 1630 capituli
865 1587 1024 1631 generalis
1041 1614 1047 1619 .
1066 1587 1182 1620 dilecto
1203 1588 1237 1619 in
1255 1587 1403 1620 Camsm
1419 1589 1565 1622 coabbati
1589 1602 1645 1622 suo

166 1659 206 1690 de
227 1656 533 1689 STRATA-FLORmA
549 1657 685 1689 salutem
701 1660 734 1689 et
750 1657 922 1689 seineeram
938 1657 973 1688 in
990 1656 1132 1689 Domino
1148 1657 1322 1689 caritatem.

210 1726 294 1759 Cum
309 1725 470 1758 sententia
484 1725 657 1757 diffinitiva
671 1726 757 1758 inter
773 1727 905 1758 domum
922 1727 962 1758 de
984 1725 1139 1758 MARGAN
1156 1729 1187 1758 et
1211 1726 1372 1759 KERLJON
1390 1728 1490 1760 filiam
1506 1732 1645 1761 vestram

165 1807 223 1838 per
237 1794 435 1827 venerabiles
457 1795 497 1826 de
514 1794 701 1827 BumnwAs
719 1820 725 1826 .
744 1795 784 1827 de
800 1795 963 1827 Bnumm
982 1821 987 1827 .
1006 1800 1037 1827 et
1053 1797 1094 1827 de
1117 1795 1340 1828 KYNGESWDE
1359 1822 1365 1828 .
1384 1796 1516 1829 abbates
1531 1798 1592 1830 rite
1608 1809 1645 1830 ao

165 1864 360 1906 juditialiter
382 1863 448 1895 lata
472 1889 479 1895 .
504 1875 523 1895 a
546 1863 687 1906 capitulo
710 1864 855 1906 generali
877 1864 1053 1906 approbata
1077 1865 1117 1896 sit
1140 1870 1170 1896 et
1195 1866 1383 1897 confirmata
1407 1892 1413 1897 .
1439 1866 1644 1899 dilectionem

165 1934 304 1964 vestram
327 1931 468 1974 benigne
490 1943 642 1975 rogamus
665 1932 754 1965 vobis
777 1935 886 1965 tenore
909 1933 1107 1975 presentium
1131 1934 1324 1966 mandantes
1346 1935 1499 1976 quatinus
1521 1936 1641 1968 dictam

166 2001 359 2033 sententiam
382 2012 401 2032 a
424 2001 499 2033 filiis
521 2002 634 2033 vestris
657 2002 741 2033 dicte
768 2003 883 2034 domus
905 2003 1048 2044 personis
1070 2003 1260 2035 auctoritate
1284 2006 1390 2036 nostre
1414 2004 1643 2038 inviolabiliter

166 2070 289 2102 faciatis
305 2069 474 2102 observari.
522 2070 574 2102 Ne
597 2071 684 2112 quod
700 2071 783 2103 absit
804 2072 844 2103 de
860 2071 937 2113 ipsis
960 2072 1083 2114 aliquid
1099 2073 1281 2105 rebellionis
1297 2085 1353 2105 sen
1369 2074 1643 2117 tergiversationis

167 2144 277 2171 contra
297 2138 417 2170 dietam
441 2139 633 2171 sententiam
657 2140 777 2172 factam
792 2139 884 2172 nobis
907 2141 947 2172 de
970 2143 1073 2173 cetero
1097 2141 1265 2183 querulosa
1289 2142 1506 2175 insinuatione
1528 2143 1643 2176 debeat

164 2207 342 2251 presentari
364 2232 373 2240 .
397 2210 525 2240 tantum
549 2219 644 2250 super
662 2209 824 2251 premissis
843 2209 994 2242 fatientes
1016 2213 1051 2242 ul
1076 2211 1216 2252 diligens
1239 2212 1384 2244 executio
1401 2216 1505 2244 vestra
1527 2214 1561 2245 in
1584 2213 1644 2245 hac

165 2278 256 2319 parte
290 2277 405 2309 merito
439 2277 553 2309 debeat
585 2279 811 2310 commendari.
866 2278 992 2311 valete.
1048 2279 1173 2312 Datum
1203 2282 1290 2323 apud
1321 2281 1528 2313 cmv-:Remu
1559 2293 1645 2314 anno

317 2383 370 2408 4ss
