1998 2724
1551 165 1613 196 635

182 329 221 359 ut
250 326 284 359 in
314 324 503 367 recipiendis
533 323 783 366 professionibus
813 335 875 366 que
905 335 924 355 a
954 322 1129 355 benedictis
1156 323 1207 354 vel
1237 321 1463 354 benedicendis
1488 321 1658 354 abbatibus

187 395 381 428 exhibentur
396 405 433 426 ea
448 394 513 426 sint
529 393 667 436 episcopi
683 393 788 425 sonna
803 395 835 425 et
851 392 1053 435 expressione
1069 392 1212 424 contenti
1236 418 1242 423 .
1264 403 1325 433 que
1341 391 1381 423 ab
1398 391 1522 434 origine
1539 391 1660 423 ordinis

187 465 328 498 noscitur
353 464 504 496 instituta
533 489 538 494 .
566 464 603 494 ut
628 462 747 494 scilicet
774 461 905 494 abbates
929 461 990 503 ipsi
1017 461 1163 503 episcopo
1189 461 1276 493 salvo
1300 460 1411 492 ordine
1438 472 1494 492 suo
1517 461 1658 503 profiteri

188 533 326 566 debeant
342 557 349 565 .
368 534 399 564 et
416 535 527 564 contra
549 532 671 563 statuta
688 530 810 563 ordinis
834 530 883 562 sui
898 530 1023 562 nullam
1045 529 1274 572 professionem
1295 529 1400 561 facere
1416 529 1658 571 compellantur.

190 602 254 634 Pro
281 599 570 634 consecrationibus
601 611 676 632 vero
700 599 852 631 altarium
879 599 931 631 vel
959 599 1162 631 ecclesiarum
1193 599 1258 630 sive
1290 610 1348 641 pro
1375 598 1444 630 oleo
1471 600 1580 630 sancto
1611 599 1661 630 vel

187 671 330 714 quolibet
346 670 554 703 ecclesiastico
571 672 769 702 sacramento
785 668 895 701 nullus
910 680 929 700 a
946 668 1035 701 vobis
1051 668 1109 700 sub
1125 667 1259 700 obtentu
1275 668 1517 700 consuetudinis
1531 668 1582 699 vel
1599 668 1662 699 alio

188 741 283 773 modo
300 739 471 782 quicquam
487 738 605 770 audeat
621 740 810 779 extorquere
825 763 830 769 .
846 737 900 769 sed
916 737 973 769 hec
990 737 1099 769 omnia
1121 737 1223 779 gratis
1238 736 1328 769 vobis
1343 736 1507 779 episcopus
1523 736 1661 769 diocesa-

189 821 249 843 nus
271 809 447 851 impendat.
494 807 651 849 Alioquin
673 806 768 839 liceat
791 806 881 838 vobis
908 816 1143 848 quemcumque
1165 806 1344 838 malueritis
1362 805 1554 838 catholicum
1575 806 1663 838 adire

189 878 366 911 antistitem
382 876 521 920 gratiam
537 879 569 909 et
585 876 844 908 communionem
860 875 1032 917 apostolice
1053 875 1136 907 sedis
1159 874 1331 907 habentem
1356 875 1412 917 qui
1432 877 1542 907 nostra
1562 875 1664 907 fretus

190 947 380 979 auctoritate
405 945 492 978 vobis
513 945 599 988 quod
623 944 806 987 postulatur
829 944 1005 986 impendat.
1066 944 1162 979 Quod
1187 944 1213 975 si
1235 944 1324 976 sedes
1344 944 1505 976 diocesani
1529 945 1667 987 episcopi

190 1017 273 1049 forte
288 1015 449 1048 vacaverit
466 1014 597 1047 interim
613 1014 723 1046 omnia
739 1013 949 1046 ecclesiastiea
972 1015 1171 1045 sacramenta
1186 1025 1205 1045 a
1221 1013 1334 1045 vicinis
1357 1013 1511 1056 episcopis
1526 1013 1666 1056 accipere

189 1085 288 1118 libere
313 1087 345 1117 et
371 1084 490 1126 absque
516 1083 770 1116 contradictione
796 1083 933 1125 possitis.
981 1082 1033 1114 Sic
1060 1085 1169 1114 tamen
1199 1108 1204 1114 .
1230 1085 1266 1113 ut
1293 1093 1332 1114 ex
1360 1082 1419 1114 hoc
1446 1083 1480 1113 in
1504 1086 1667 1125 posterum

188 1154 317 1197 proprio
329 1154 474 1196 episcopo
489 1152 617 1185 nullum
632 1152 850 1195 prejudicium
865 1154 1044 1195 generetur.
1093 1150 1179 1186 Quia
1191 1162 1265 1183 vero
1277 1151 1440 1183 interdum
1452 1152 1573 1194 proprii
1586 1152 1667 1193 epis-

190 1224 260 1267 copi
283 1223 406 1265 copiam
430 1233 495 1254 non
518 1221 643 1254 habetis
660 1247 666 1252 .
684 1222 710 1253 si
730 1233 826 1263 quem
849 1221 1031 1264 episcopum
1056 1220 1205 1252 Rommss
1222 1221 1304 1253 sedis
1320 1223 1355 1252 ut
1372 1221 1513 1253 diximus
1528 1221 1667 1264 gratiam

191 1295 224 1325 et
239 1291 497 1325 communionem
512 1291 686 1323 habentem
705 1316 710 1322 .
729 1292 761 1323 et
777 1291 817 1322 de
839 1301 902 1332 quo
918 1290 1047 1332 plenam
1066 1290 1216 1321 notitiam
1232 1289 1376 1322 habeatis
1391 1301 1448 1332 per
1463 1301 1518 1322 vos
1533 1291 1668 1322 transire

190 1361 361 1405 contigerit
378 1386 383 1392 .
402 1360 442 1393 ab
458 1371 495 1392 eo
511 1359 768 1392 benedictionem
783 1370 933 1392 vasorum
949 1362 981 1390 et
999 1359 1137 1391 vestium
1155 1385 1160 1390 .
1179 1359 1431 1391 consecrationes
1443 1359 1594 1391 altarium
1612 1386 1617 1391 .
1637 1364 1669 1392 et

191 1430 409 1464 ordinationes
431 1428 660 1461 monachorum
683 1428 873 1460 auctoritate
894 1428 1065 1470 apostolice
1087 1428 1170 1459 sedis
1186 1428 1323 1470 recipere
1339 1428 1480 1460 valeatis.
1528 1428 1628 1460 Porro
1644 1430 1670 1460 si

191 1498 329 1542 episcopi
352 1498 403 1530 vel
425 1498 481 1530 alii
504 1497 709 1530 ecclesiarum
731 1500 868 1530 rectores
890 1497 924 1529 in
948 1496 1179 1529 monasterium
1199 1499 1341 1529 vestrum
1358 1497 1408 1529 vel
1423 1509 1574 1539 personas
1588 1497 1670 1530 inibi

190 1568 379 1602 constitutas
401 1567 617 1609 suspensionis
641 1592 647 1598 .
673 1565 1014 1598 excommunicationis
1038 1566 1088 1597 vel
1116 1566 1279 1598 interdicti
1310 1566 1505 1598 sententiam
1528 1567 1668 1609 promul-

191 1637 340 1681 gaverint
363 1662 370 1669 .
395 1636 464 1668 sive
486 1636 584 1668 etiam
607 1636 641 1668 in
664 1636 899 1668 mercennarios
923 1637 1042 1668 vestros
1062 1647 1118 1677 pro
1140 1647 1177 1667 eo
1193 1636 1278 1677 quod
1295 1636 1433 1668 decimas
1450 1636 1530 1668 sicut
1546 1637 1668 1668 dictum

190 1709 238 1739 est
260 1718 325 1738 non
348 1704 528 1748 persolvitis
552 1730 559 1736 .
584 1705 649 1737 sive
673 1705 782 1747 aliqua
805 1704 966 1737 occasione
991 1716 1124 1736 eorum.
1145 1715 1206 1746 que
1222 1704 1262 1736 ab
1279 1705 1452 1747 apostolica
1466 1704 1670 1748 benignitate

190 1775 280 1808 vobis
294 1774 422 1807 indulta
438 1776 513 1806 sunt
530 1799 536 1805 .
554 1785 610 1805 seu
625 1773 844 1806 benefactores
859 1776 980 1805 vestros
995 1784 1053 1815 pro
1069 1785 1106 1804 eo
1123 1774 1208 1815 quod
1222 1773 1330 1816 aliqua
1346 1774 1435 1806 vobis
1450 1773 1601 1807 benefitia
1618 1775 1667 1806 vel

191 1843 342 1886 obsequia
358 1855 397 1875 ex
414 1842 545 1874 caritate
560 1842 760 1884 prestiterint
777 1868 783 1874 .
802 1843 853 1875 vel
868 1843 909 1874 ad
935 1842 1147 1874 laborandum
1171 1842 1357 1885 adjuverint
1372 1843 1407 1874 in
1424 1843 1487 1874 illis
1503 1843 1615 1875 diebus
1632 1844 1665 1875 in

192 1912 308 1956 quibus
335 1923 390 1944 vos
416 1910 568 1943 laboratis
593 1914 624 1943 et
649 1911 706 1944 alii
732 1911 892 1944 feriantur
915 1912 1050 1944 eandem
1082 1912 1275 1944 sententiam
1302 1911 1496 1954 protulerint
1527 1938 1533 1943 .
1566 1912 1668 1954 ipsam

194 1985 350 2024 tanquam
373 1983 484 2012 contra
506 1980 589 2012 sedis
612 1980 783 2022 apostolice
806 1980 934 2012 indulta
956 1980 1114 2022 prolatam
1138 1980 1337 2012 decernimus
1352 1981 1552 2013 irritandam.
1600 1981 1670 2014 Nec

194 2051 299 2083 littere
315 2049 370 2082 ille
383 2049 570 2081 firmitatem
585 2048 725 2081 habeant
744 2075 749 2080 .
769 2060 848 2091 quas
859 2049 957 2081 tacito
970 2050 1099 2082 nomine
1117 2049 1367 2082 CISTERCIENsxs
1383 2049 1505 2082 ordinis
1520 2056 1552 2082 et
1562 2055 1671 2082 contra

193 2119 322 2152 indulta
333 2118 578 2161 apostolicorum
590 2117 835 2160 privilegiorum
847 2118 1025 2151 constiterit
1035 2118 1209 2161 impetrari.
1256 2118 1408 2151 Preterea
1420 2130 1491 2151 cum
1502 2131 1670 2152 commune

194 2187 402 2220 interdictum
418 2189 500 2218 terre
516 2186 615 2217 fuerit
633 2212 638 2218 .
658 2187 752 2218 liceat
774 2186 862 2218 vobis
885 2187 1113 2219 nichilominus
1135 2188 1168 2218 in
1193 2190 1298 2219 vestro
1320 2188 1513 2219 monasterio
1537 2188 1673 2220 exclusis

192 2255 477 2288 excommunicatis
492 2257 523 2286 et
539 2255 719 2287 interdictis
737 2281 743 2287 .
762 2255 872 2288 divina
895 2256 997 2288 officia
1016 2256 1183 2288 celebra-re.
1230 2256 1307 2288 Paci
1324 2268 1451 2298 quoque
1466 2259 1497 2288 et
1515 2258 1673 2299 tranquil-
