1998 2724
338 178 402 210 276

293 336 426 367 seculari
443 335 673 368 consuetudine
690 337 721 367 et
742 335 907 367 exactione
931 336 1033 366 totam
1056 336 1175 366 terram
1200 346 1219 366 a
1242 346 1361 377 magno
1385 335 1492 377 lapide
1516 361 1522 367 .
1548 336 1603 378 qui
1624 336 1708 377 jacet
1734 336 1769 368 in

294 404 451 436 directum
475 416 583 437 versus
618 405 705 437 Gom
734 405 836 437 Lim
861 416 901 436 ex
927 406 1067 445 estparte
1094 407 1126 435 et
1151 415 1190 436 ex
1217 404 1368 446 sudparbe
1392 416 1510 444 magne
1533 404 1583 436 vie
1604 416 1665 447 que
1681 405 1772 436 vadit

294 484 403 505 versus
435 472 611 505 Castellum
638 473 755 506 Kmmz
782 499 789 506 .
816 473 850 505 in
878 473 1103 504 feudofirmam
1128 472 1310 504 habendam
1336 475 1368 505 et
1391 474 1565 505 tenendam
1594 474 1633 505 de
1660 485 1711 506 me
1738 477 1770 506 et

294 542 466 574 heredibus
482 543 562 575 meis
577 543 824 585 imperpetuum.
872 542 917 574 Et
933 553 993 584 ego
1009 544 1041 573 et
1057 542 1188 573 heredes
1203 541 1265 573 mei
1287 545 1388 574 totam
1409 542 1491 574 hanc
1507 548 1625 574 terram
1648 553 1772 575 waran-

293 611 463 643 tizabimus
475 612 627 653 predictis
643 612 807 644 monachis
823 614 933 644 contra
949 622 1058 643 onmes
1070 610 1223 643 homines.
1271 610 1317 643 Et
1333 611 1455 653 siquod
1466 611 1635 643 servicium
1647 611 1770 643 domini

295 680 397 722 Regis
421 681 471 712 vel
497 680 628 722 aliquod
655 681 745 712 aliud
768 681 843 712 inde
868 680 1059 722 requisitum
1081 680 1180 711 fuerit
1209 706 1214 712 .
1242 691 1302 723 ego
1324 684 1355 712 et
1380 680 1511 712 heredes
1538 680 1602 712 mei
1628 680 1708 712 illud
1730 681 1770 713 de

293 749 418 791 reliquo
444 752 627 781 tenemento
654 749 920 792 adquietabimus.
968 749 1022 781 Ita
1042 752 1078 780 ut
1103 749 1251 781 monaehi
1276 762 1315 781 ex
1346 753 1413 781 toto
1441 750 1540 791 quieti
1568 750 1634 781 sint
1662 750 1768 792 inper-

293 822 436 860 petuum.
484 818 530 850 Et
560 818 725 850 sciendum
750 819 835 860 quod
859 830 919 861 ego
944 818 1050 860 accepi
1074 830 1130 860 pre
1156 818 1305 851 manibus
1331 819 1495 850 redditum
1521 823 1596 850 x⁰⁰¹¹¹-
1611 830 1770 851 annorum

292 898 377 919 anno
393 887 434 919 ab
449 888 670 920 incarnatione
686 887 819 920 Domini
837 893 882 919 Μυ-
902 893 968 920 cc.⁰·
988 893 1053 919 11³⁰*
1130 887 1196 919 Hjs
1218 887 1353 919 testibus
1371 913 1376 918 .
1394 887 1548 930 magistro
1565 887 1741 919 MAmucto
1759 914 1765 920 .

290 957 464 988 WALTERO
501 956 622 988 anm,
658 983 663 988 .
702 957 868 988 ERNALDO
909 956 1142 988 constabulario
1173 957 1211 988 de
1247 955 1417 988 KENEFEG
1453 983 1458 988 .
1495 956 1690 989 WILLELMO
1725 958 1766 989 de

289 1026 442 1057 CORNEM
467 1052 473 1058 .
499 1025 683 1058 STEPHANO
718 1026 830 1058 clerico
855 1052 861 1057 .
888 1025 1082 1058 WiLLELMo
1119 1024 1208 1057 Com:
1250 1051 1255 1057 .
1291 1024 1478 1057 CLEMENTE
1515 1025 1582 1058 filio
1616 1026 1763 1068 magistri

288 1094 457 1126 MAURICII
483 1120 489 1127 .
515 1094 711 1127 WILLELMO
734 1095 773 1127 de
797 1094 968 1126 MARCROS.

332 1163 554 1196 Endorsed—‘
567 1163 664 1196 Carta
680 1164 830 1207 ejusdum
845 1165 885 1196 de
901 1167 986 1196 terra
1002 1175 1058 1195 sua
1074 1163 1115 1194 ad
1132 1162 1280 1194 firmam.⁷

895 1308 1157 1342 CCLXXVIII.

286 1392 586 1425 AGREEMENT
619 1392 858 1425 BETWEEN
881 1392 980 1424 THE
1004 1390 1192 1423 ABBEYS
1216 1390 1276 1422 OF
1299 1390 1638 1423 TEWKESBURY
1660 1391 1762 1424 AND

397 1461 617 1501 MARGAM,
670 1461 915 1494 WHEREBY
966 1460 1065 1493 THE
1115 1459 1317 1492 OHUROH
1369 1460 1428 1492 OF
1477 1460 1674 1493 KENFEG
1722 1461 1765 1494 IS

398 1531 627 1564 GRANTED
666 1531 724 1564 ΤΟ
762 1531 972 1564 MARGAM
1005 1530 1097 1562 FOR
1128 1530 1161 1562 A
1192 1528 1390 1562 YEARLY
1418 1529 1547 1561 RENT
1579 1529 1639 1562 OF
1670 1530 1765 1563 TEN

398 1601 572 1633 MARKS.

829 1644 1004 1687 [MARGAM
1029 1642 1224 1685 CHARTER]
1494 1643 1719 1675 1203—1213.

335 1720 375 1752 Iu
399 1721 529 1752 nomine
552 1719 668 1752 Sancte
688 1726 717 1752 et
745 1719 910 1751 individue
936 1718 1106 1749 Trinitatis
1132 1717 1238 1749 Patris
1266 1720 1296 1748 ct
1328 1716 1406 1748 Filii
1429 1720 1459 1748 et
1479 1716 1619 1759 Spiritus
1644 1717 1762 1750 Sancti.

290 1789 450 1821 Convenit
466 1790 550 1821 inter
566 1789 697 1820 domum
715 1788 983 1820 Tnssommmuzffl
1001 1789 1033 1818 et
1053 1787 1184 1818 domum
1211 1787 1250 1817 de
1275 1785 1432 1817 MARGAM
1457 1797 1550 1828 super
1573 1786 1703 1818 ecclesia
1726 1787 1765 1818 de

289 1858 459 1890 KENEFEG
484 1858 541 1889 tali
563 1859 658 1889 modo
684 1884 689 1889 .
715 1858 801 1900 quod
825 1857 923 1889 abbas
947 1859 977 1888 et
1002 1858 1177 1887 conventus
1194 1854 1464 1887 Tussoxnsssmffi
1488 1859 1709 1887 concesseruut
1730 1860 1761 1888 et

288 1928 480 1959 dimiserunt
505 1927 669 1959 ecclesiam
695 1927 796 1969 ipsam
824 1938 895 1958 cum
927 1925 1056 1968 capellis
1087 1927 1119 1956 et
1150 1924 1242 1955 terris
1267 1926 1297 1955 et
1331 1923 1486 1955 universis
1512 1923 1715 1966 pertinentiis
1731 1929 1761 1956 et

287 1996 491 2028 libertatibus
518 1996 583 2028 suis
608 1996 717 2027 domui
747 1996 786 2027 de
818 1995 975 2026 Momm
1012 1994 1045 2026 in
1075 1993 1200 2025 firmam
1232 1995 1419 2034 perpetuam
1450 1993 1491 2024 ad
1516 1992 1701 2025 habendum
1731 1997 1763 2025 et

287 2066 463 2097 tenendum
507 2068 539 2096 et
577 2065 776 2096 reddendum
815 2065 891 2095 inde
921 2063 1051 2095 nomine
1082 2065 1234 2104 perpetue
1266 2060 1427 2102 pensionis
1457 2061 1491 2092 in
1522 2061 1590 2102 ipso
1621 2061 1761 2103 capitulo

287 2134 556 2166 Tmnumsssssum
582 2147 612 2166 x.
642 2146 764 2166 marcus
791 2134 958 2165 annuatim
987 2132 1106 2163 scilicet
1134 2143 1161 2162 v.
1191 2141 1313 2162 marcas
1338 2130 1421 2161 infra
1451 2134 1577 2162 octavas
1593 2130 1714 2162 Pasche
1730 2135 1761 2162 et

285 2215 315 2234 v.
344 2215 465 2235 marcas
487 2203 572 2235 infra
598 2206 724 2235 octavas
751 2202 860 2234 Sancti
888 2201 1093 2233 Mloiumiis.
1142 2199 1186 2231 Et
1212 2199 1237 2230 si
1266 2198 1407 2230 evenerit
1430 2199 1585 2230 domnum
1611 2199 1758 2231 abbatem

284 2272 554 2304 T111-:01ms131-:nm
582 2272 732 2303 devenire
760 2272 791 2303 in
818 2275 923 2312 partes
946 2271 1018 2302 inas
1041 2296 1046 2301 .
1079 2269 1165 2311 apud
1201 2267 1366 2300 Kaxwm
1397 2267 1462 2299 sive
1487 2268 1573 2309 apud
1603 2267 1758 2299 Momm
