1998 2724
1557 169 1621 200 239

174 324 307 358 liberius
330 327 363 357 et
385 312 526 368 quietius
549 328 654 368 potest
671 326 775 359 teneri
799 352 806 359 .
832 329 964 369 excepto
987 326 1118 358 servitio
1141 326 1227 369 quod
1251 329 1464 360 antecessores
1479 327 1581 360 nostri
1607 339 1666 371 pro

173 397 266 427 tanto
296 397 482 427 tenemento
513 394 659 428 solebant
683 395 788 428 facere
811 397 853 428 ad
877 396 1047 438 coquinam
1071 395 1196 428 comitis
1221 421 1227 428 .
1252 396 1372 429 scilicet
1396 408 1459 429 vm.
1485 397 1634 430 denarios
1658 423 1665 430 .

174 476 254 507 quos
268 465 330 508 ipsi
346 464 495 497 monachi
509 465 693 507 persolvent
708 466 838 508 quando
855 465 978 498 fuerint
993 465 1149 508 requisiti.
1197 465 1243 498 Et
1268 477 1324 498 nos
1347 468 1380 499 et
1406 466 1539 499 heredes
1565 468 1667 500 nostri

174 534 258 567 hanc
274 534 481 567 elemosinam
506 537 650 567 nostram
674 535 816 577 predicte
839 535 951 567 domui
974 537 1085 567 contra
1109 546 1219 568 omnes
1242 535 1389 568 homines
1415 535 1450 568 in
1470 538 1665 579 perpetuum

174 603 464 636 warentizebimus.
513 602 569 636 Set
596 606 628 636 et
652 604 817 636 sciendum
841 605 927 647 quod
950 616 1008 637 nos
1031 615 1142 637 omnes
1164 607 1266 636 terras
1288 616 1368 647 quas
1392 605 1462 648 ipsa
1485 606 1600 638 domus
1626 607 1667 639 de

170 671 327 705 MARGAN
343 673 484 716 possidet
499 676 569 705 tam
582 673 667 705 intra
683 685 782 716 aquas
798 675 838 706 de
855 674 980 706 Avssmz
1005 677 1037 706 et
1061 673 1233 707 KENEFEG
1259 701 1265 706 .
1291 686 1390 717 quam
1413 678 1505 708 extra
1529 675 1660 719 abjura-

174 742 280 774 vimus
303 742 337 774 in
360 745 563 785 perpetuum.
610 742 690 775 Hiis
713 742 850 775 testibus
874 769 887 779 ‚⁷
907 743 1085 777 WALTERO
1120 745 1244 778 Luem,
1269 771 1275 777 .
1301 744 1488 778 STEPHANO
1520 746 1634 779 clerico
1659 772 1666 779 .

174 810 364 844 ALAITHUR
389 837 395 843 .
422 811 513 844 REso
538 811 630 844 Cocn
657 838 663 843 .
689 811 862 844 GmmNo
890 813 956 845 filio
980 813 1160 846 KANAITH'
1186 840 1193 847 .
1222 814 1334 847 Imm
1369 814 1410 847 ab
1445 814 1571 847 anEL
1601 842 1606 847 .
1638 818 1671 849 et

174 881 287 913 multis
314 881 399 914 aliis.

219 949 324 983 Three
340 951 430 991 seals‚
447 951 529 983 dark
545 962 643 995 green
661 963 742 984 wax.

220 1021 249 1052 1.
296 1022 329 1053 A
345 1023 412 1053 star
427 1020 462 1053 of
477 1021 527 1052 six
543 1021 659 1053 leaves.

595 1093 603 1108 ‘
619 1092 648 1121 -ἑ-
667 1091 792 1123 zrolLL’
816 1103 946 1124 MEURm
971 1103 1055 1124 mnu
1082 1093 1256 1125 BLETHIN.'

219 1159 250 1191 2.
298 1158 376 1191 Two
407 1159 564 1202 triangles
593 1160 780 1201 interlaced,
812 1162 978 1205 enclosing
1009 1174 1028 1194 a
1067 1165 1195 1195 sunstar
1235 1162 1269 1195 of
1308 1163 1385 1196 nine
1423 1175 1518 1206 wavy
1560 1165 1670 1207 points

175 1227 320 1261 between
351 1228 401 1261 six
431 1229 558 1271 pallets.

596 1289 604 1304 ‘
621 1291 651 1319 -ί-
671 1287 792 1319 SIGILL’
817 1299 922 1320 WRNU
947 1300 1032 1321 FILII
1057 1289 1234 1321 BLErmN?

220 1355 250 1386 3.
298 1354 331 1386 A
357 1355 472 1387 seeded
504 1354 709 1388 fleur-de-lis.

595 1427 603 1442 ‘
619 1428 648 1456 ἦ·
667 1425 788 1459 SIGILL’
814 1437 890 1458 REZI
916 1437 986 1458 FILI
1012 1452 1152 1459 .....
1178 1427 1267 1459 ΗΙΝ.ν

219 1493 444 1526 Endorsed—‘
458 1493 556 1526 Carta
571 1495 713 1527 filiorum
730 1495 876 1528 Blethin'
894 1496 934 1528 de
951 1495 1189 1529 Killeeullum.'

319 1562 379 1585 This
392 1563 412 1585 is
423 1570 436 1585 a
449 1563 512 1591 good
524 1563 639 1593 example
652 1564 677 1585 of
694 1564 761 1593 early
775 1564 859 1587 Welsh
871 1565 1025 1587 oruamental
1037 1565 1215 1595 handwritiug.
1250 1566 1326 1595 (Vide
1338 1566 1383 1589 No.
1396 1566 1525 1596 CXCVL)

808 1696 1035 1730 COXXXIV.

175 1768 543 1804 CONFIRMATION
571 1771 638 1804 BY
667 1771 768 1804 THE
794 1771 908 1805 SONS
937 1772 997 1805 OF
1025 1773 1246 1806 OARADOG
1273 1774 1331 1807 TO
1363 1774 1576 1808 MARGAM
1607 1775 1668 1808 OF

459 1834 593 1867 LAND
624 1834 776 1868 GIVEN
808 1835 876 1868 BY
906 1835 1127 1869 GARADOO
1160 1837 1380 1871 UERBEIS.

640 1910 771 1954 [HARL.
790 1911 968 1952 CHAR'rmz,
994 1913 1035 1944 75
1059 1913 1100 1945 Β.
1118 1913 1192 1957 29.]
1542 1914 1622 1948 S.D.

218 1983 378 2017 Omnibus
407 1984 528 2018 Christi
550 1986 700 2019 fidelibus
732 1988 774 2020 ad
808 1999 887 2030 quos
909 1999 1039 2030 presens
1061 1989 1220 2032 scriptura
1244 1990 1427 2033 pervenerit
1452 1990 1606 2023 MARGAN
1633 1993 1665 2024 et

174 2052 405 2086 KADAWALAN
421 2057 454 2087 et
469 2054 654 2087 MERIEDoc
670 2055 731 2088 fflii
747 2056 919 2088 GARADom
935 2057 1084 2090 salutem.

221 2122 309 2155 Sciat
324 2123 518 2156 universitas
533 2127 639 2157 vestra
654 2126 741 2168 quod
759 2137 820 2169 ego
836 2127 992 2159 MARGAN
1012 2128 1132 2161 scilicet
1155 2131 1188 2162 et
1210 2129 1326 2162 fratres
1348 2130 1413 2162 mei
1436 2129 1664 2162 KfflAWALm

174 2195 207 2225 et
222 2192 407 2225 Mnmnnoc
433 2218 439 2225 .
465 2194 629 2226 communi
645 2205 776 2227 assensu
799 2196 1009 2229 donationem
1033 2198 1237 2231 concedimus
1260 2202 1293 2231 et
1315 2200 1543 2231 confirmamus
1565 2211 1664 2242 quam

175 2261 372 2294 CARADocvs
388 2262 546 2295 Umfflms
561 2262 640 2295 fecit
655 2263 727 2296 Deo
739 2267 771 2296 et
783 2263 901 2297 Sancte
917 2265 1040 2298 MARIE
1055 2291 1062 2298 .
1074 2270 1107 2299 et
1119 2267 1226 2300 ordini
1243 2267 1486 2300 GISTERNIENSI
1501 2291 1508 2299 .
1522 2271 1554 2301 et
1569 2268 1665 2301 fratri
