1998 2724
1544 167 1606 199 625

176 325 322 356 dandum
346 335 403 366 per
429 323 558 366 singula
585 324 690 366 capita
714 323 933 366 quorumlibet
962 324 1153 357 animalium
1177 350 1183 356 .
1210 335 1348 366 quorum
1374 324 1652 357 deforciaverimus

178 393 466 436 imparcamentum
493 392 658 424 monachis
682 393 721 424 de
747 392 900 424 MARGAN
922 404 979 435 pro
1005 393 1091 425 tedio
1116 395 1149 425 et
1171 394 1311 435 dampno
1336 392 1397 425 sibi
1419 393 1526 425 illatos
1550 405 1653 426 unum

177 462 307 495 obolum
333 473 390 504 per
414 461 498 493 vices
523 461 677 504 singulas.
740 461 900 494 Volumus
924 464 1033 494 autem
1061 463 1147 504 quod
1174 462 1200 494 si
1227 473 1285 494 nos
1312 462 1362 494 vel
1390 461 1522 494 heredes
1553 463 1654 495 nostri

178 531 318 574 predicte
340 530 443 562 forme
469 530 627 562 fuerimus
653 532 902 573 transgressores
928 556 934 562 .
961 531 1111 563 dominus
1135 531 1301 573 episcopus
1324 530 1568 563 LANnAvsxsis
1599 532 1655 574 qui

177 612 235 643 pro
254 602 397 642 tempore
417 599 518 631 fuerit
539 623 546 630 .
570 598 690 641 absque
713 599 850 641 strepitu
870 599 1018 641 judiciali
1038 611 1097 632 nos
1116 611 1171 632 seu
1192 600 1324 632 heredes
1346 602 1471 632 nostros
1496 601 1655 633 sententie

179 669 516 702 excommunicationis
547 671 579 700 et
609 668 773 701 interdicti
803 672 963 711 supponat
995 695 1001 701 .
1034 669 1134 702 donec
1164 669 1258 702 dictis
1288 669 1453 702 monachis
1485 681 1552 702 una
1582 681 1656 702 cum

179 739 326 781 expensis
353 749 432 780 quas
457 738 538 769 circa
562 737 621 769 hoc
648 738 818 780 negocium
846 738 981 770 fecerint
1006 765 1012 770 .
1042 738 1224 781 plenarium
1248 739 1302 782 jus
1331 739 1503 772 fecerimus
1532 766 1537 771 .
1570 742 1602 771 et
1629 740 1656 771 si

181 809 321 850 aliquem
340 810 486 839 nostrum
507 807 595 839 infra
616 807 810 839 sententiam
829 808 911 840 mori
934 808 1106 851 contigerit
1129 835 1134 840 .
1157 809 1306 841 volumus
1327 811 1359 841 et
1375 810 1578 842 concedimus
1595 835 1602 841 .
1620 812 1657 841 ut

181 877 345 920 sepultura
376 876 523 908 cimiterii
553 875 582 907 ei
613 877 800 918 denegetur.
848 876 890 908 In
921 877 1014 919 cujus
1040 877 1086 909 rei
1116 877 1339 910 testimonium
1370 889 1429 921 ego
1461 878 1483 910 J
1487 889 1588 910 EWAN
1615 878 1656 910 ab

180 946 311 978 Gwmn
341 956 398 988 pro
429 956 480 977 me
511 947 542 977 et
572 944 744 977 heredibus
774 945 854 977 meis
883 946 918 977 in
955 948 1147 988 perpetuum
1177 946 1361 989 obligandis
1393 973 1398 978 .
1433 947 1467 979 in
1501 947 1589 979 curia
1620 948 1660 979 de

177 1015 398 1047 LANGUNYTH
438 1014 578 1057 presenti
614 1014 732 1056 scripto
762 1014 906 1057 sigillum
932 1025 1041 1047 meum
1072 1015 1214 1057 apposui.
1267 1015 1313 1048 Et
1340 1016 1416 1058 quia
1443 1016 1660 1058 prenominati

177 1084 237 1116 filii
267 1083 331 1115 mei
361 1083 468 1125 sigilla
498 1094 562 1114 non
593 1082 757 1115 habebant
784 1109 790 1115 .
818 1084 859 1115 ad
890 1083 1081 1125 peticionem
1111 1086 1144 1116 et
1173 1084 1366 1116 instanciam
1397 1087 1544 1117 nostram
1577 1111 1583 1117 .
1617 1086 1659 1118 ad

180 1153 334 1195 majorem
364 1151 545 1184 faciendam
572 1151 775 1184 securitatem
806 1151 958 1184 dominus
983 1152 1199 1185 Wumnmms
1226 1154 1267 1186 de
1294 1154 1511 1186 Rinmonssss
1539 1180 1545 1187 .
1581 1157 1660 1187 tunc

180 1221 405 1254 mevmffl
431 1220 596 1263 episcopus
619 1246 624 1251 .
648 1220 723 1252 huic
750 1223 836 1252 carte
863 1223 969 1253 nostre
996 1221 1141 1264 sigillum
1169 1233 1263 1254 suum
1290 1223 1437 1265 apposuit
1463 1249 1469 1254 .
1494 1233 1562 1255 una
1586 1234 1660 1255 cum

179 1291 295 1333 sigillis
326 1290 448 1322 domini
488 1289 704 1322 archidiaconi
741 1289 983 1322 LANDAVENSIS
1015 1315 1021 1321 .
1054 1293 1087 1322 et
1117 1290 1305 1323 WILLELMI
1338 1290 1507 1324 SCURLAG'
1540 1318 1546 1324 .
1579 1294 1658 1325 tunc

180 1359 407 1392 constabularii
433 1359 472 1391 de
499 1358 730 1391 LANGUNYTH.
779 1359 857 1392 Hiis
879 1359 1014 1392 testibus
1031 1385 1038 1391 .
1057 1358 1232 1392 Gmrmm
1260 1360 1300 1392 ab
1324 1360 1394 1392 RES
1412 1385 1417 1391 .
1437 1359 1508 1392 Rns
1530 1360 1628 1393 Vom,
1646 1387 1652 1393 .

181 1429 306 1462 MAnoc
319 1429 469 1462 VACHAN
487 1453 493 1459 .
511 1427 680 1460 LEme
704 1428 745 1460 ab
765 1428 967 1461 ANHARoun
985 1454 990 1460 .
1010 1428 1145 1461 CRAnoc
1168 1428 1208 1461 ab
1231 1428 1253 1461 J
1255 1440 1418 1461 AREUETH
1436 1455 1442 1461 .
1461 1429 1600 1462 WRONU
1616 1430 1657 1462 ab

177 1498 368 1531 JAREUEDH
386 1523 393 1528 .
410 1500 443 1529 et
458 1496 604 1530 WILLiM
621 1496 661 1529 ab
677 1497 699 1530 J
702 1508 865 1529 AREUETH
881 1500 913 1529 et
929 1497 1009 1529 aliis.

222 1567 327 1599 Three
343 1566 424 1599 seals
437 1566 473 1598 in
489 1566 570 1598 dark
585 1577 667 1598 wax.

225 1638 252 1668 1.
298 1636 332 1668 Α
354 1636 519 1678 fragment
542 1634 640 1667 about
663 1646 704 1667 an
727 1635 803 1667 inch
826 1635 990 1667 diameter.
1047 1634 1178 1675 Device,
1203 1647 1222 1667 a
1246 1638 1312 1668 star
1334 1636 1370 1668 of
1392 1636 1483 1679 eight
1506 1649 1590 1679 rays,
1614 1638 1655 1670 its

179 1707 337 1739 alternate
352 1716 427 1746 rays
441 1704 565 1746 having
580 1715 598 1735 a
615 1706 680 1736 sort
696 1704 730 1736 of
745 1703 896 1736 trefoiled
911 1704 1004 1736 head.

219 1775 410 1817 Legend—‘
419 1798 542 1806 ......
550 1784 596 1805 AN
625 1799 631 1804 .
658 1784 701 1805 AB
729 1799 735 1804 .
762 1785 793 1805 G.
823 1774 955 1815 (JEWAN
979 1783 1022 1804 ΑΒ
1047 1772 1208 1815 GWEYR).’

221 1846 250 1876 2.
297 1843 331 1875 A
346 1843 480 1875 foliated
494 1841 635 1881 bracket,
652 1842 731 1874 with
747 1842 813 1874 feet
828 1842 905 1884 only
921 1841 955 1874 of
976 1841 1030 1874 the
1053 1841 1263 1874 Arehdeacon
1286 1842 1321 1874 of
1343 1841 1504 1883 Llandaff,
1528 1843 1572 1875 all
1595 1843 1650 1876 the

175 1916 239 1946 rest
253 1913 376 1945 broken
392 1911 447 1943 off.

220 1983 249 2014 3.
296 1981 328 2013 A
345 1982 484 2013 crescent
507 1979 671 2021 enclosing
687 1991 706 2011 a
721 1980 852 2011 nmrtlet
866 1980 999 2022 looking
1014 1982 1048 2012 to
1070 1979 1126 2011 the
1149 1991 1264 2022 proper
1288 1980 1360 2018 left,
1376 1981 1441 2012 and
1460 1980 1562 2013 below
1578 1982 1604 2014 it
1628 1994 1647 2014 a

176 2054 250 2083 star.

197 2119 387 2162 Legend-“
405 2122 437 2154 -ὶ-
458 2118 484 2149 s'
508 2117 622 2148 wan’1
647 2116 817 2148 SCURLAG.'

197 2187 420 2219 Endorsed—‘
434 2185 531 2217 Carta
553 2185 575 2217 J
578 2197 666 2217 ewan
691 2185 731 2217 ab
757 2185 876 2227 Gweyr
903 2188 934 2217 et
961 2185 1101 2217 filiorum
1125 2185 1197 2228 ejus
1220 2186 1259 2218 de
1283 2185 1542 2229 Egleskenwryh
1565 2190 1597 2220 et
1620 2188 1646 2220 si

175 2256 346 2290 offenderit
361 2255 526 2296 sepultura
541 2253 690 2286 cimiterii
706 2254 735 2285 ei
752 2254 951 2296 denegetur.'

326 2369 380 2394 4D
