<?xml version="1.0" encoding="UTF-8"?>
<!DOCTYPE html PUBLIC "-//W3C//DTD XHTML 1.0 Transitional//EN"
    "http://www.w3.org/TR/xhtml1/DTD/xhtml1-transitional.dtd">
<html xmlns="http://www.w3.org/1999/xhtml" xml:lang="en" lang="en">
 <head>
  <title>
</title>
<meta http-equiv="Content-Type" content="text/html;charset=utf-8" />
  <meta name='ocr-system' content='tesseract 3.04.00' />
  <meta name='ocr-capabilities' content='ocr_page ocr_carea ocr_par ocr_line ocrx_word'/>
</head>
<body>
  <div class='ocr_page' id='page_1' title='image "./cartaeetaliamuni02claruoft_0458.png"; bbox 0 0 1998 2724; ppageno 0'>
   <div class='ocr_carea' id='block_1_1' title="bbox 372 180 435 211">
    <p class='ocr_par' dir='ltr' id='par_1_1' title="bbox 372 180 435 211">
     <span class='ocr_line' id='line_1_1' title="bbox 372 180 435 211; baseline 0.016 -1"><span class='ocrx_word' id='word_1_1' title='bbox 372 180 435 211; x_wconf 83' lang='lat'><strong>674</strong></span> 
     </span>
    </p>
   </div>
   <div class='ocr_carea' id='block_1_2' title="bbox 318 331 1804 2239">
    <p class='ocr_par' dir='ltr' id='par_1_2' title="bbox 318 331 1804 2239">
     <span class='ocr_line' id='line_1_2' title="bbox 326 331 1803 379; baseline -0.003 -10"><span class='ocrx_word' id='word_1_2' title='bbox 326 336 365 370; x_wconf 91' lang='grc' dir='ltr'><strong>Τ.</strong></span> <span class='ocrx_word' id='word_1_3' title='bbox 393 336 556 379; x_wconf 87' lang='lat' dir='ltr'><strong>possident</strong></span> <span class='ocrx_word' id='word_1_4' title='bbox 586 336 621 368; x_wconf 92' lang='lat' dir='ltr'><strong>in</strong></span> <span class='ocrx_word' id='word_1_5' title='bbox 645 335 795 378; x_wconf 87' lang='lat' dir='ltr'><strong>parochia</strong></span> <span class='ocrx_word' id='word_1_6' title='bbox 819 334 947 367; x_wconf 79' lang='lat' dir='ltr'>ecclesie</span> <span class='ocrx_word' id='word_1_7' title='bbox 972 344 1027 366; x_wconf 89' lang='lat' dir='ltr'><strong>sue</strong></span> <span class='ocrx_word' id='word_1_8' title='bbox 1066 333 1176 366; x_wconf 77' lang='lat' dir='ltr'><strong>Sancti</strong></span> <span class='ocrx_word' id='word_1_9' title='bbox 1203 333 1384 366; x_wconf 67' lang='lat' dir='ltr'><strong>LEoNARm</strong></span> <span class='ocrx_word' id='word_1_10' title='bbox 1423 333 1462 365; x_wconf 89' lang='lat' dir='ltr'><strong>de</strong></span> <span class='ocrx_word' id='word_1_11' title='bbox 1501 332 1601 365; x_wconf 82' lang='lat' dir='ltr'><strong>Novo</strong></span> <span class='ocrx_word' id='word_1_12' title='bbox 1631 331 1803 365; x_wconf 77' lang='lat' dir='ltr'>CASTELLO</span> 
     </span>
     <span class='ocr_line' id='line_1_3' title="bbox 325 401 1803 444; baseline -0.003 -6"><span class='ocrx_word' id='word_1_13' title='bbox 325 405 569 438; x_wconf 74' lang='lat' dir='ltr'>LANDAVENSIS</span> <span class='ocrx_word' id='word_1_14' title='bbox 598 405 756 437; x_wconf 80' lang='lat' dir='ltr'><strong>dioceseos</strong></span> <span class='ocrx_word' id='word_1_15' title='bbox 787 404 821 436; x_wconf 91' lang='grc'><strong>111</strong></span> <span class='ocrx_word' id='word_1_16' title='bbox 858 403 1076 436; x_wconf 74' lang='lat' dir='ltr'>GLAMORGAN</span> <span class='ocrx_word' id='word_1_17' title='bbox 1109 405 1142 435; x_wconf 89' lang='lat' dir='ltr'><strong>et</strong></span> <span class='ocrx_word' id='word_1_18' title='bbox 1171 413 1266 444; x_wconf 87' lang='lat' dir='ltr'><strong>super</strong></span> <span class='ocrx_word' id='word_1_19' title='bbox 1295 402 1388 434; x_wconf 86' lang='lat' dir='ltr'><strong>terris</strong></span> <span class='ocrx_word' id='word_1_20' title='bbox 1418 404 1451 434; x_wconf 91' lang='lat' dir='ltr'><strong>et</strong></span> <span class='ocrx_word' id='word_1_21' title='bbox 1481 401 1629 434; x_wconf 88' lang='lat' dir='ltr'><strong>omnibus</strong></span> <span class='ocrx_word' id='word_1_22' title='bbox 1659 402 1731 434; x_wconf 85' lang='lat' dir='ltr'><strong>aliis</strong></span> <span class='ocrx_word' id='word_1_23' title='bbox 1762 402 1803 434; x_wconf 81' lang='lat' dir='ltr'><strong>ad</strong></span> 
     </span>
     <span class='ocr_line' id='line_1_4' title="bbox 325 471 1804 519; baseline -0.003 -11"><span class='ocrx_word' id='word_1_24' title='bbox 325 475 503 519; x_wconf 85' lang='lat' dir='ltr'><strong>predictam</strong></span> <span class='ocrx_word' id='word_1_25' title='bbox 523 475 688 507; x_wconf 79' lang='lat' dir='ltr'><strong>ecclesiam</strong></span> <span class='ocrx_word' id='word_1_26' title='bbox 711 471 948 516; x_wconf 85' lang='lat' dir='ltr'><strong>pertinentibus</strong></span> <span class='ocrx_word' id='word_1_27' title='bbox 972 483 1038 504; x_wconf 85' lang='lat' dir='ltr'><strong>una</strong></span> <span class='ocrx_word' id='word_1_28' title='bbox 1060 483 1134 504; x_wconf 90' lang='lat' dir='ltr'><strong>cum</strong></span> <span class='ocrx_word' id='word_1_29' title='bbox 1160 471 1308 504; x_wconf 88' lang='lat' dir='ltr'><strong>domibus</strong></span> <span class='ocrx_word' id='word_1_30' title='bbox 1330 482 1410 514; x_wconf 87' lang='lat' dir='ltr'><strong>quas</strong></span> <span class='ocrx_word' id='word_1_31' title='bbox 1432 471 1619 504; x_wconf 58' lang='lat' dir='ltr'><strong>Rinnmus</strong></span> <span class='ocrx_word' id='word_1_32' title='bbox 1642 471 1682 504; x_wconf 88' lang='lat' dir='ltr'><strong>de</strong></span> <span class='ocrx_word' id='word_1_33' title='bbox 1704 471 1804 504; x_wconf 73' lang='lat' dir='ltr'><strong>Novo</strong></span> 
     </span>
     <span class='ocr_line' id='line_1_5' title="bbox 325 540 1802 585; baseline -0.003 -8"><span class='ocrx_word' id='word_1_34' title='bbox 325 544 496 577; x_wconf 68' lang='lat' dir='ltr'><strong>OAsmLLo</strong></span> <span class='ocrx_word' id='word_1_35' title='bbox 512 544 683 576; x_wconf 83' lang='lat' dir='ltr'><strong>canonicus</strong></span> <span class='ocrx_word' id='word_1_36' title='bbox 698 543 941 575; x_wconf 80' lang='lat' dir='ltr'><strong>LANDAVENSIS</strong></span> <span class='ocrx_word' id='word_1_37' title='bbox 956 542 1121 585; x_wconf 83' lang='lat' dir='ltr'><strong>quondam</strong></span> <span class='ocrx_word' id='word_1_38' title='bbox 1143 541 1303 574; x_wconf 82' lang='lat' dir='ltr'><strong>firmarius</strong></span> <span class='ocrx_word' id='word_1_39' title='bbox 1323 540 1469 583; x_wconf 85' lang='lat' dir='ltr'><strong>ejusdem</strong></span> <span class='ocrx_word' id='word_1_40' title='bbox 1485 540 1612 572; x_wconf 88' lang='lat' dir='ltr'><strong>ecclesie</strong></span> <span class='ocrx_word' id='word_1_41' title='bbox 1629 540 1802 582; x_wconf 85' lang='lat' dir='ltr'><strong>aliquando</strong></span> 
     </span>
     <span class='ocr_line' id='line_1_6' title="bbox 323 609 1801 654; baseline -0.003 -8"><span class='ocrx_word' id='word_1_42' title='bbox 323 614 430 646; x_wconf 91' lang='lat' dir='ltr'><strong>tenuit</strong></span> <span class='ocrx_word' id='word_1_43' title='bbox 454 624 528 645; x_wconf 88' lang='lat' dir='ltr'><strong>cum</strong></span> <span class='ocrx_word' id='word_1_44' title='bbox 552 612 640 645; x_wconf 84' lang='lat' dir='ltr'><strong>curia</strong></span> <span class='ocrx_word' id='word_1_45' title='bbox 664 611 802 654; x_wconf 77' lang='lat' dir='ltr'>gardino</span> <span class='ocrx_word' id='word_1_46' title='bbox 826 614 859 644; x_wconf 87' lang='lat' dir='ltr'><strong>et</strong></span> <span class='ocrx_word' id='word_1_47' title='bbox 886 614 956 644; x_wconf 87' lang='lat' dir='ltr'><strong>orto</strong></span> <span class='ocrx_word' id='word_1_48' title='bbox 985 636 991 643; x_wconf 94' lang='lat'>.</span> <span class='ocrx_word' id='word_1_49' title='bbox 1020 610 1168 652; x_wconf 81' lang='lat' dir='ltr'><strong>Excepta</strong></span> <span class='ocrx_word' id='word_1_50' title='bbox 1197 609 1316 642; x_wconf 84' lang='lat' dir='ltr'><strong>vicaria</strong></span> <span class='ocrx_word' id='word_1_51' title='bbox 1340 610 1515 642; x_wconf 88' lang='lat' dir='ltr'><strong>secundum</strong></span> <span class='ocrx_word' id='word_1_52' title='bbox 1542 609 1629 652; x_wconf 89' lang='lat' dir='ltr'><strong>quod</strong></span> <span class='ocrx_word' id='word_1_53' title='bbox 1658 612 1801 652; x_wconf 91' lang='lat' dir='ltr'><strong>tempore</strong></span> 
     </span>
     <span class='ocr_line' id='line_1_7' title="bbox 323 677 1802 725; baseline -0.003 -10"><span class='ocrx_word' id='word_1_54' title='bbox 323 682 479 725; x_wconf 87' lang='lat' dir='ltr'><strong>presentis</strong></span> <span class='ocrx_word' id='word_1_55' title='bbox 502 681 725 714; x_wconf 88' lang='lat' dir='ltr'><strong>convencionis</strong></span> <span class='ocrx_word' id='word_1_56' title='bbox 743 680 808 712; x_wconf 86' lang='lat' dir='ltr'><strong>fuit</strong></span> <span class='ocrx_word' id='word_1_57' title='bbox 827 682 940 713; x_wconf 83' lang='lat' dir='ltr'><strong>taxata</strong></span> <span class='ocrx_word' id='word_1_58' title='bbox 963 691 1026 722; x_wconf 90' lang='lat' dir='ltr'><strong>que</strong></span> <span class='ocrx_word' id='word_1_59' title='bbox 1048 679 1083 711; x_wconf 89' lang='lat' dir='ltr'><strong>in</strong></span> <span class='ocrx_word' id='word_1_60' title='bbox 1106 678 1291 721; x_wconf 88' lang='lat' dir='ltr'><strong>subscriptis</strong></span> <span class='ocrx_word' id='word_1_61' title='bbox 1306 679 1459 711; x_wconf 76' lang='lat' dir='ltr'>consistit.</span> <span class='ocrx_word' id='word_1_62' title='bbox 1506 677 1668 711; x_wconf 75' lang='lat' dir='ltr'><strong>Videlicet</strong></span> <span class='ocrx_word' id='word_1_63' title='bbox 1683 678 1718 710; x_wconf 89' lang='grc'><strong>111</strong></span> <span class='ocrx_word' id='word_1_64' title='bbox 1733 680 1802 711; x_wconf 91' lang='lat' dir='ltr'><strong>toto</strong></span> 
     </span>
     <span class='ocr_line' id='line_1_8' title="bbox 323 746 1801 792; baseline -0.003 -8"><span class='ocrx_word' id='word_1_65' title='bbox 323 751 476 792; x_wconf 76' lang='lat' dir='ltr'><strong>altelagio</strong></span> <span class='ocrx_word' id='word_1_66' title='bbox 502 777 508 783; x_wconf 87' lang='lat'>.</span> <span class='ocrx_word' id='word_1_67' title='bbox 535 750 670 783; x_wconf 89' lang='lat' dir='ltr'><strong>minutis</strong></span> <span class='ocrx_word' id='word_1_68' title='bbox 694 749 826 782; x_wconf 78' lang='lat' dir='ltr'><strong>decimis</strong></span> <span class='ocrx_word' id='word_1_69' title='bbox 852 776 858 782; x_wconf 89' lang='lat'>.</span> <span class='ocrx_word' id='word_1_70' title='bbox 882 751 914 782; x_wconf 89' lang='lat' dir='ltr'><strong>et</strong></span> <span class='ocrx_word' id='word_1_71' title='bbox 938 748 1088 782; x_wconf 89' lang='lat' dir='ltr'><strong>omnibus</strong></span> <span class='ocrx_word' id='word_1_72' title='bbox 1114 748 1246 781; x_wconf 89' lang='lat' dir='ltr'><strong>decimis</strong></span> <span class='ocrx_word' id='word_1_73' title='bbox 1269 747 1338 780; x_wconf 80' lang='lat' dir='ltr'><strong>feni</strong></span> <span class='ocrx_word' id='word_1_74' title='bbox 1361 748 1401 780; x_wconf 90' lang='lat' dir='ltr'><strong>de</strong></span> <span class='ocrx_word' id='word_1_75' title='bbox 1427 746 1526 780; x_wconf 77' lang='lat' dir='ltr'><strong>Novo</strong></span> <span class='ocrx_word' id='word_1_76' title='bbox 1546 746 1719 779; x_wconf 80' lang='lat' dir='ltr'>CASTELLO</span> <span class='ocrx_word' id='word_1_77' title='bbox 1742 773 1748 779; x_wconf 89' lang='lat'>.</span> <span class='ocrx_word' id='word_1_78' title='bbox 1769 749 1801 780; x_wconf 87' lang='lat' dir='ltr'><strong>et</strong></span> 
     </span>
     <span class='ocr_line' id='line_1_9' title="bbox 322 815 1801 863; baseline -0.003 -10"><span class='ocrx_word' id='word_1_79' title='bbox 322 821 474 863; x_wconf 86' lang='lat' dir='ltr'><strong>altelagio</strong></span> <span class='ocrx_word' id='word_1_80' title='bbox 495 821 535 852; x_wconf 89' lang='lat' dir='ltr'><strong>de</strong></span> <span class='ocrx_word' id='word_1_81' title='bbox 558 819 815 852; x_wconf 69' lang='lat' dir='ltr'><strong>LAWELEsTONE</strong></span> <span class='ocrx_word' id='word_1_82' title='bbox 839 820 871 850; x_wconf 89' lang='lat' dir='ltr'><strong>et</strong></span> <span class='ocrx_word' id='word_1_83' title='bbox 887 819 927 850; x_wconf 89' lang='lat' dir='ltr'><strong>de</strong></span> <span class='ocrx_word' id='word_1_84' title='bbox 950 817 1207 850; x_wconf 73' lang='lat' dir='ltr'><strong>Tnnscnsrown</strong></span> <span class='ocrx_word' id='word_1_85' title='bbox 1232 843 1238 849; x_wconf 89' lang='lat'>.</span> <span class='ocrx_word' id='word_1_86' title='bbox 1259 819 1292 849; x_wconf 92' lang='lat' dir='ltr'><strong>et</strong></span> <span class='ocrx_word' id='word_1_87' title='bbox 1315 816 1464 849; x_wconf 87' lang='lat' dir='ltr'><strong>omnibus</strong></span> <span class='ocrx_word' id='word_1_88' title='bbox 1479 816 1611 849; x_wconf 75' lang='lat' dir='ltr'><strong>decimis</strong></span> <span class='ocrx_word' id='word_1_89' title='bbox 1626 817 1667 848; x_wconf 90' lang='lat' dir='ltr'><strong>de</strong></span> <span class='ocrx_word' id='word_1_90' title='bbox 1683 815 1801 849; x_wconf 67' lang='lat' dir='ltr'><strong>Hous-</strong></span> 
     </span>
     <span class='ocr_line' id='line_1_10' title="bbox 322 885 1802 932; baseline -0.003 -10"><span class='ocrx_word' id='word_1_91' title='bbox 322 890 448 922; x_wconf 80' lang='lat' dir='ltr'>GRAVE¹</span> <span class='ocrx_word' id='word_1_92' title='bbox 474 890 600 932; x_wconf 78' lang='lat' dir='ltr'><strong>integre</strong></span> <span class='ocrx_word' id='word_1_93' title='bbox 628 914 634 920; x_wconf 92' lang='lat'>.</span> <span class='ocrx_word' id='word_1_94' title='bbox 661 890 693 920; x_wconf 89' lang='lat' dir='ltr'><strong>et</strong></span> <span class='ocrx_word' id='word_1_95' title='bbox 718 887 868 920; x_wconf 88' lang='lat' dir='ltr'><strong>omnibus</strong></span> <span class='ocrx_word' id='word_1_96' title='bbox 892 887 1024 920; x_wconf 76' lang='lat' dir='ltr'><strong>decimis</strong></span> <span class='ocrx_word' id='word_1_97' title='bbox 1048 887 1088 919; x_wconf 91' lang='lat' dir='ltr'><strong>de</strong></span> <span class='ocrx_word' id='word_1_98' title='bbox 1113 886 1234 928; x_wconf 86' lang='lat' dir='ltr'><strong>capella</strong></span> <span class='ocrx_word' id='word_1_99' title='bbox 1258 885 1329 918; x_wconf 64' lang='lat' dir='ltr'><strong>Rus</strong></span> <span class='ocrx_word' id='word_1_100' title='bbox 1353 910 1359 916; x_wconf 92' lang='lat'>.</span> <span class='ocrx_word' id='word_1_101' title='bbox 1385 888 1417 918; x_wconf 92' lang='lat' dir='ltr'><strong>et</strong></span> <span class='ocrx_word' id='word_1_102' title='bbox 1436 885 1585 918; x_wconf 87' lang='lat' dir='ltr'><strong>omnibus</strong></span> <span class='ocrx_word' id='word_1_103' title='bbox 1607 885 1739 918; x_wconf 88' lang='lat' dir='ltr'><strong>decimis</strong></span> <span class='ocrx_word' id='word_1_104' title='bbox 1762 886 1802 918; x_wconf 88' lang='lat' dir='ltr'><strong>de</strong></span> 
     </span>
     <span class='ocr_line' id='line_1_11' title="bbox 322 954 1804 1002; baseline -0.003 -10"><span class='ocrx_word' id='word_1_105' title='bbox 322 960 444 1002; x_wconf 83' lang='lat' dir='ltr'><strong>capella</strong></span> <span class='ocrx_word' id='word_1_106' title='bbox 466 959 573 991; x_wconf 70' lang='lat' dir='ltr'><strong>Wmn</strong></span> <span class='ocrx_word' id='word_1_107' title='bbox 596 959 722 1001; x_wconf 76' lang='lat' dir='ltr'><strong>integre</strong></span> <span class='ocrx_word' id='word_1_108' title='bbox 746 984 752 990; x_wconf 90' lang='lat'>.</span> <span class='ocrx_word' id='word_1_109' title='bbox 777 957 927 989; x_wconf 85' lang='lat' dir='ltr'><strong>videlicet</strong></span> <span class='ocrx_word' id='word_1_110' title='bbox 957 957 1044 999; x_wconf 88' lang='lat' dir='ltr'><strong>quod</strong></span> <span class='ocrx_word' id='word_1_111' title='bbox 1073 967 1102 988; x_wconf 86' lang='lat' dir='ltr'><strong>a.</strong></span> <span class='ocrx_word' id='word_1_112' title='bbox 1134 958 1165 988; x_wconf 90' lang='lat' dir='ltr'><strong>et</strong></span> <span class='ocrx_word' id='word_1_113' title='bbox 1195 967 1220 988; x_wconf 91' lang='lat' dir='ltr'><strong>c.</strong></span> <span class='ocrx_word' id='word_1_114' title='bbox 1245 958 1277 987; x_wconf 95' lang='lat' dir='ltr'><strong>et</strong></span> <span class='ocrx_word' id='word_1_115' title='bbox 1300 956 1331 987; x_wconf 91' lang='lat' dir='ltr'><strong>d.</strong></span> <span class='ocrx_word' id='word_1_116' title='bbox 1356 955 1396 987; x_wconf 92' lang='lat' dir='ltr'><strong>de</strong></span> <span class='ocrx_word' id='word_1_117' title='bbox 1419 954 1457 986; x_wconf 83' lang='lat' dir='ltr'><strong>T.</strong></span> <span class='ocrx_word' id='word_1_118' title='bbox 1481 954 1604 987; x_wconf 83' lang='lat' dir='ltr'><strong>remisit</strong></span> <span class='ocrx_word' id='word_1_119' title='bbox 1629 955 1740 987; x_wconf 90' lang='lat' dir='ltr'><strong>domui</strong></span> <span class='ocrx_word' id='word_1_120' title='bbox 1762 955 1804 988; x_wconf 82' lang='lat' dir='ltr'><strong>de</strong></span> 
     </span>
     <span class='ocr_line' id='line_1_12' title="bbox 320 1024 1801 1068; baseline -0.003 -7"><span class='ocrx_word' id='word_1_121' title='bbox 320 1028 475 1061; x_wconf 76' lang='lat' dir='ltr'>MARGAN</span> <span class='ocrx_word' id='word_1_122' title='bbox 503 1039 613 1060; x_wconf 87' lang='lat' dir='ltr'><strong>omnes</strong></span> <span class='ocrx_word' id='word_1_123' title='bbox 637 1027 777 1059; x_wconf 88' lang='lat' dir='ltr'><strong>decimas</strong></span> <span class='ocrx_word' id='word_1_124' title='bbox 801 1025 923 1068; x_wconf 88' lang='lat' dir='ltr'><strong>proprii</strong></span> <span class='ocrx_word' id='word_1_125' title='bbox 946 1025 1064 1058; x_wconf 86' lang='lat' dir='ltr'><strong>laboris</strong></span> <span class='ocrx_word' id='word_1_126' title='bbox 1090 1051 1096 1057; x_wconf 92' lang='lat'><strong>.</strong></span> <span class='ocrx_word' id='word_1_127' title='bbox 1119 1026 1151 1057; x_wconf 88' lang='lat' dir='ltr'><strong>et</strong></span> <span class='ocrx_word' id='word_1_128' title='bbox 1170 1024 1324 1057; x_wconf 83' lang='lat' dir='ltr'><strong>concessit</strong></span> <span class='ocrx_word' id='word_1_129' title='bbox 1346 1026 1379 1056; x_wconf 87' lang='lat' dir='ltr'><strong>et</strong></span> <span class='ocrx_word' id='word_1_130' title='bbox 1396 1024 1519 1056; x_wconf 85' lang='lat' dir='ltr'><strong>dimisit</strong></span> <span class='ocrx_word' id='word_1_131' title='bbox 1534 1024 1580 1056; x_wconf 88' lang='lat' dir='ltr'><strong>eis</strong></span> <span class='ocrx_word' id='word_1_132' title='bbox 1595 1034 1707 1056; x_wconf 87' lang='lat' dir='ltr'><strong>omnes</strong></span> <span class='ocrx_word' id='word_1_133' title='bbox 1722 1024 1801 1057; x_wconf 85' lang='lat' dir='ltr'><strong>alias</strong></span> 
     </span>
     <span class='ocr_line' id='line_1_13' title="bbox 319 1092 1803 1140; baseline -0.003 -10"><span class='ocrx_word' id='word_1_134' title='bbox 319 1098 459 1131; x_wconf 85' lang='lat' dir='ltr'><strong>decimas</strong></span> <span class='ocrx_word' id='word_1_135' title='bbox 486 1096 660 1140; x_wconf 83' lang='lat' dir='ltr'><strong>garbarum</strong></span> <span class='ocrx_word' id='word_1_136' title='bbox 686 1122 692 1128; x_wconf 91' lang='lat'><strong>.</strong></span> <span class='ocrx_word' id='word_1_137' title='bbox 719 1095 855 1128; x_wconf 90' lang='lat' dir='ltr'><strong>Necnon</strong></span> <span class='ocrx_word' id='word_1_138' title='bbox 883 1098 914 1127; x_wconf 87' lang='lat' dir='ltr'><strong>et</strong></span> <span class='ocrx_word' id='word_1_139' title='bbox 934 1106 1045 1127; x_wconf 87' lang='lat' dir='ltr'><strong>omnes</strong></span> <span class='ocrx_word' id='word_1_140' title='bbox 1064 1097 1165 1127; x_wconf 88' lang='lat' dir='ltr'><strong>terras</strong></span> <span class='ocrx_word' id='word_1_141' title='bbox 1186 1105 1250 1126; x_wconf 89' lang='lat' dir='ltr'><strong>una</strong></span> <span class='ocrx_word' id='word_1_142' title='bbox 1273 1105 1346 1126; x_wconf 93' lang='lat' dir='ltr'><strong>cum</strong></span> <span class='ocrx_word' id='word_1_143' title='bbox 1369 1092 1519 1126; x_wconf 83' lang='lat' dir='ltr'><strong>omnibus</strong></span> <span class='ocrx_word' id='word_1_144' title='bbox 1539 1093 1610 1125; x_wconf 87' lang='lat' dir='ltr'><strong>aliis</strong></span> <span class='ocrx_word' id='word_1_145' title='bbox 1625 1094 1668 1126; x_wconf 85' lang='lat' dir='ltr'><strong>ad</strong></span> <span class='ocrx_word' id='word_1_146' title='bbox 1683 1094 1803 1126; x_wconf 85' lang='lat' dir='ltr'><strong>dictam</strong></span> 
     </span>
     <span class='ocr_line' id='line_1_14' title="bbox 318 1161 1802 1208; baseline -0.003 -9"><span class='ocrx_word' id='word_1_147' title='bbox 318 1166 483 1200; x_wconf 85' lang='lat' dir='ltr'><strong>ecclesiam</strong></span> <span class='ocrx_word' id='word_1_148' title='bbox 506 1164 742 1208; x_wconf 88' lang='lat' dir='ltr'><strong>pertinentibus</strong></span> <span class='ocrx_word' id='word_1_149' title='bbox 764 1164 992 1206; x_wconf 85' lang='lat' dir='ltr'><strong>inperpetuum</strong></span> <span class='ocrx_word' id='word_1_150' title='bbox 1015 1163 1252 1206; x_wconf 86' lang='lat' dir='ltr'><strong>possidendum.</strong></span> <span class='ocrx_word' id='word_1_151' title='bbox 1300 1161 1355 1194; x_wconf 88' lang='lat' dir='ltr'><strong>Ita</strong></span> <span class='ocrx_word' id='word_1_152' title='bbox 1377 1164 1487 1195; x_wconf 88' lang='lat' dir='ltr'><strong>tamen</strong></span> <span class='ocrx_word' id='word_1_153' title='bbox 1510 1163 1596 1204; x_wconf 90' lang='lat' dir='ltr'><strong>quod</strong></span> <span class='ocrx_word' id='word_1_154' title='bbox 1619 1173 1646 1194; x_wconf 89' lang='lat' dir='ltr'><strong>a.</strong></span> <span class='ocrx_word' id='word_1_155' title='bbox 1664 1165 1696 1194; x_wconf 85' lang='lat' dir='ltr'><strong>et</strong></span> <span class='ocrx_word' id='word_1_156' title='bbox 1717 1174 1742 1195; x_wconf 92' lang='grc'><strong>0.</strong></span> <span class='ocrx_word' id='word_1_157' title='bbox 1760 1164 1802 1195; x_wconf 89' lang='grc'><strong>(10</strong></span> 
     </span>
     <span class='ocr_line' id='line_1_15' title="bbox 318 1231 1802 1274; baseline -0.002 -6"><span class='ocrx_word' id='word_1_158' title='bbox 318 1236 366 1268; x_wconf 89' lang='lat' dir='ltr'><strong>M.</strong></span> <span class='ocrx_word' id='word_1_159' title='bbox 385 1235 582 1268; x_wconf 78' lang='lat' dir='ltr'><strong>satisfacient</strong></span> <span class='ocrx_word' id='word_1_160' title='bbox 598 1234 714 1267; x_wconf 86' lang='lat' dir='ltr'><strong>vicario</strong></span> <span class='ocrx_word' id='word_1_161' title='bbox 730 1235 770 1266; x_wconf 90' lang='lat' dir='ltr'><strong>de</strong></span> <span class='ocrx_word' id='word_1_162' title='bbox 786 1233 874 1266; x_wconf 88' lang='lat' dir='ltr'><strong>curia</strong></span> <span class='ocrx_word' id='word_1_163' title='bbox 894 1236 927 1265; x_wconf 89' lang='lat' dir='ltr'><strong>et</strong></span> <span class='ocrx_word' id='word_1_164' title='bbox 947 1232 1096 1265; x_wconf 83' lang='lat' dir='ltr'><strong>domibus</strong></span> <span class='ocrx_word' id='word_1_165' title='bbox 1118 1232 1235 1264; x_wconf 84' lang='lat' dir='ltr'><strong>vicario</strong></span> <span class='ocrx_word' id='word_1_166' title='bbox 1251 1231 1397 1274; x_wconf 85' lang='lat' dir='ltr'><strong>ejusdem</strong></span> <span class='ocrx_word' id='word_1_167' title='bbox 1421 1231 1550 1264; x_wconf 88' lang='lat' dir='ltr'><strong>ecclesie</strong></span> <span class='ocrx_word' id='word_1_168' title='bbox 1571 1231 1802 1265; x_wconf 88' lang='lat' dir='ltr'><strong>sufficientibus</strong></span> 
     </span>
     <span class='ocr_line' id='line_1_16' title="bbox 319 1301 1802 1344; baseline -0.002 -7"><span class='ocrx_word' id='word_1_169' title='bbox 319 1306 494 1339; x_wconf 86' lang='lat' dir='ltr'><strong>secundum</strong></span> <span class='ocrx_word' id='word_1_170' title='bbox 514 1304 685 1336; x_wconf 85' lang='lat' dir='ltr'><strong>arbitrium</strong></span> <span class='ocrx_word' id='word_1_171' title='bbox 709 1303 786 1335; x_wconf 88' lang='lat' dir='ltr'><strong>boni</strong></span> <span class='ocrx_word' id='word_1_172' title='bbox 811 1303 881 1335; x_wconf 85' lang='lat' dir='ltr'><strong>viri.</strong></span> <span class='ocrx_word' id='word_1_173' title='bbox 929 1301 1109 1334; x_wconf 82' lang='lat' dir='ltr'><strong>Reddendo</strong></span> <span class='ocrx_word' id='word_1_174' title='bbox 1134 1301 1209 1333; x_wconf 91' lang='lat' dir='ltr'><strong>inde</strong></span> <span class='ocrx_word' id='word_1_175' title='bbox 1230 1301 1401 1333; x_wconf 83' lang='lat' dir='ltr'><strong>annuatim</strong></span> <span class='ocrx_word' id='word_1_176' title='bbox 1421 1301 1532 1333; x_wconf 89' lang='lat' dir='ltr'><strong>domui</strong></span> <span class='ocrx_word' id='word_1_177' title='bbox 1557 1301 1597 1333; x_wconf 90' lang='lat' dir='ltr'><strong>de</strong></span> <span class='ocrx_word' id='word_1_178' title='bbox 1618 1301 1656 1334; x_wconf 85' lang='grc' dir='ltr'><strong>Τ.</strong></span> <span class='ocrx_word' id='word_1_179' title='bbox 1682 1301 1802 1344; x_wconf 83' lang='lat' dir='ltr'><strong>viginti</strong></span> 
     </span>
     <span class='ocr_line' id='line_1_17' title="bbox 318 1370 1802 1418; baseline -0.003 -10"><span class='ocrx_word' id='word_1_180' title='bbox 318 1378 457 1418; x_wconf 87' lang='lat' dir='ltr'><strong>quatuor</strong></span> <span class='ocrx_word' id='word_1_181' title='bbox 493 1385 616 1406; x_wconf 86' lang='lat' dir='ltr'><strong>marcas</strong></span> <span class='ocrx_word' id='word_1_182' title='bbox 653 1375 686 1406; x_wconf 91' lang='lat' dir='ltr'><strong>et</strong></span> <span class='ocrx_word' id='word_1_183' title='bbox 724 1372 893 1405; x_wconf 86' lang='lat' dir='ltr'><strong>dimidiam</strong></span> <span class='ocrx_word' id='word_1_184' title='bbox 931 1371 1089 1405; x_wconf 89' lang='lat' dir='ltr'><strong>bonorum</strong></span> <span class='ocrx_word' id='word_1_185' title='bbox 1127 1373 1159 1403; x_wconf 88' lang='lat' dir='ltr'><strong>et</strong></span> <span class='ocrx_word' id='word_1_186' title='bbox 1195 1371 1350 1413; x_wconf 88' lang='lat' dir='ltr'><strong>legalium</strong></span> <span class='ocrx_word' id='word_1_187' title='bbox 1388 1370 1619 1413; x_wconf 84' lang='lat' dir='ltr'><strong>sterlingorum</strong></span> <span class='ocrx_word' id='word_1_188' title='bbox 1654 1371 1802 1404; x_wconf 87' lang='lat' dir='ltr'><strong>terminis</strong></span> 
     </span>
     <span class='ocr_line' id='line_1_18' title="bbox 319 1440 1801 1486; baseline -0.003 -9"><span class='ocrx_word' id='word_1_189' title='bbox 319 1444 504 1486; x_wconf 85' lang='lat' dir='ltr'><strong>subscriptis</strong></span> <span class='ocrx_word' id='word_1_190' title='bbox 530 1469 535 1475; x_wconf 97' lang='lat'>.</span> <span class='ocrx_word' id='word_1_191' title='bbox 561 1443 721 1476; x_wconf 86' lang='lat' dir='ltr'><strong>Videlicet</strong></span> <span class='ocrx_word' id='word_1_192' title='bbox 751 1443 793 1474; x_wconf 85' lang='lat' dir='ltr'><strong>ad</strong></span> <span class='ocrx_word' id='word_1_193' title='bbox 824 1441 944 1474; x_wconf 81' lang='lat' dir='ltr'><strong>festum</strong></span> <span class='ocrx_word' id='word_1_194' title='bbox 975 1440 1086 1473; x_wconf 78' lang='lat' dir='ltr'><strong>Sancti</strong></span> <span class='ocrx_word' id='word_1_195' title='bbox 1116 1440 1312 1472; x_wconf 67' lang='lat' dir='ltr'><strong>Mmffiuzms</strong></span> <span class='ocrx_word' id='word_1_196' title='bbox 1342 1440 1512 1472; x_wconf 88' lang='lat' dir='ltr'><strong>duodecim</strong></span> <span class='ocrx_word' id='word_1_197' title='bbox 1543 1451 1666 1472; x_wconf 84' lang='lat' dir='ltr'><strong>marcas</strong></span> <span class='ocrx_word' id='word_1_198' title='bbox 1698 1466 1704 1472; x_wconf 90' lang='lat'>.</span> <span class='ocrx_word' id='word_1_199' title='bbox 1737 1443 1801 1473; x_wconf 89' lang='lat' dir='ltr'><strong>tres</strong></span> 
     </span>
     <span class='ocr_line' id='line_1_19' title="bbox 319 1509 1801 1556; baseline -0.003 -10"><span class='ocrx_word' id='word_1_200' title='bbox 319 1514 437 1547; x_wconf 89' lang='lat' dir='ltr'><strong>solidos</strong></span> <span class='ocrx_word' id='word_1_201' title='bbox 461 1540 467 1545; x_wconf 91' lang='lat'><strong>.</strong></span> <span class='ocrx_word' id='word_1_202' title='bbox 493 1515 631 1556; x_wconf 84' lang='lat' dir='ltr'><strong>quatuor</strong></span> <span class='ocrx_word' id='word_1_203' title='bbox 657 1512 804 1544; x_wconf 86' lang='lat' dir='ltr'><strong>denarios</strong></span> <span class='ocrx_word' id='word_1_204' title='bbox 841 1537 846 1542; x_wconf 94' lang='lat'>.</span> <span class='ocrx_word' id='word_1_205' title='bbox 881 1511 927 1543; x_wconf 85' lang='lat' dir='ltr'><strong>Et</strong></span> <span class='ocrx_word' id='word_1_206' title='bbox 950 1511 992 1543; x_wconf 85' lang='lat' dir='ltr'><strong>ad</strong></span> <span class='ocrx_word' id='word_1_207' title='bbox 1015 1510 1139 1542; x_wconf 84' lang='lat' dir='ltr'><strong>Pascha</strong></span> <span class='ocrx_word' id='word_1_208' title='bbox 1163 1509 1307 1552; x_wconf 80' lang='lat' dir='ltr'><strong>proxime</strong></span> <span class='ocrx_word' id='word_1_209' title='bbox 1329 1520 1465 1551; x_wconf 88' lang='lat' dir='ltr'><strong>sequens</strong></span> <span class='ocrx_word' id='word_1_210' title='bbox 1487 1509 1656 1541; x_wconf 88' lang='lat' dir='ltr'><strong>duodecim</strong></span> <span class='ocrx_word' id='word_1_211' title='bbox 1678 1521 1801 1542; x_wconf 84' lang='lat' dir='ltr'><strong>marcas</strong></span> 
     </span>
     <span class='ocr_line' id='line_1_20' title="bbox 319 1577 1800 1624; baseline -0.003 -8"><span class='ocrx_word' id='word_1_212' title='bbox 319 1586 384 1616; x_wconf 88' lang='lat' dir='ltr'><strong>tres</strong></span> <span class='ocrx_word' id='word_1_213' title='bbox 394 1583 511 1616; x_wconf 89' lang='lat' dir='ltr'><strong>solidos</strong></span> <span class='ocrx_word' id='word_1_214' title='bbox 523 1584 662 1624; x_wconf 88' lang='lat' dir='ltr'><strong>quatuor</strong></span> <span class='ocrx_word' id='word_1_215' title='bbox 678 1581 825 1613; x_wconf 89' lang='lat' dir='ltr'><strong>denarios</strong></span> <span class='ocrx_word' id='word_1_216' title='bbox 836 1581 870 1612; x_wconf 87' lang='lat' dir='ltr'><strong>in</strong></span> <span class='ocrx_word' id='word_1_217' title='bbox 883 1580 1023 1622; x_wconf 83' lang='lat' dir='ltr'><strong>capitulo</strong></span> <span class='ocrx_word' id='word_1_218' title='bbox 1033 1579 1073 1612; x_wconf 89' lang='lat' dir='ltr'><strong>de</strong></span> <span class='ocrx_word' id='word_1_219' title='bbox 1084 1578 1122 1612; x_wconf 86' lang='grc' dir='ltr'><strong>Τ.</strong></span> <span class='ocrx_word' id='word_1_220' title='bbox 1170 1578 1295 1611; x_wconf 88' lang='lat' dir='ltr'><strong>Domus</strong></span> <span class='ocrx_word' id='word_1_221' title='bbox 1307 1589 1381 1610; x_wconf 86' lang='lat' dir='ltr'><strong>vero</strong></span> <span class='ocrx_word' id='word_1_222' title='bbox 1397 1579 1436 1610; x_wconf 87' lang='lat' dir='ltr'><strong>de</strong></span> <span class='ocrx_word' id='word_1_223' title='bbox 1453 1577 1491 1611; x_wconf 86' lang='grc' dir='ltr'><strong>Τ.</strong></span> <span class='ocrx_word' id='word_1_224' title='bbox 1503 1578 1638 1610; x_wconf 87' lang='lat' dir='ltr'><strong>retinuit</strong></span> <span class='ocrx_word' id='word_1_225' title='bbox 1650 1579 1684 1610; x_wconf 90' lang='lat' dir='ltr'><strong>in</strong></span> <span class='ocrx_word' id='word_1_226' title='bbox 1700 1589 1800 1611; x_wconf 81' lang='lat' dir='ltr'><strong>manu</strong></span> 
     </span>
     <span class='ocr_line' id='line_1_21' title="bbox 320 1647 1801 1695; baseline -0.003 -10"><span class='ocrx_word' id='word_1_227' title='bbox 320 1665 378 1685; x_wconf 86' lang='lat' dir='ltr'><strong>sua</strong></span> <span class='ocrx_word' id='word_1_228' title='bbox 401 1652 454 1695; x_wconf 78' lang='lat' dir='ltr'><strong>jus</strong></span> <span class='ocrx_word' id='word_1_229' title='bbox 477 1650 683 1695; x_wconf 85' lang='lat' dir='ltr'><strong>presentandi</strong></span> <span class='ocrx_word' id='word_1_230' title='bbox 707 1650 862 1682; x_wconf 88' lang='lat' dir='ltr'><strong>vicarium</strong></span> <span class='ocrx_word' id='word_1_231' title='bbox 888 1650 930 1681; x_wconf 89' lang='lat' dir='ltr'><strong>ad</strong></span> <span class='ocrx_word' id='word_1_232' title='bbox 953 1648 1104 1681; x_wconf 83' lang='lat' dir='ltr'><strong>vicariam</strong></span> <span class='ocrx_word' id='word_1_233' title='bbox 1127 1650 1164 1680; x_wconf 88' lang='lat' dir='ltr'><strong>ut</strong></span> <span class='ocrx_word' id='word_1_234' title='bbox 1180 1647 1396 1690; x_wconf 81' lang='lat' dir='ltr'><strong>supradictam</strong></span> <span class='ocrx_word' id='word_1_235' title='bbox 1413 1649 1461 1679; x_wconf 89' lang='lat' dir='ltr'><strong>est</strong></span> <span class='ocrx_word' id='word_1_236' title='bbox 1476 1649 1622 1680; x_wconf 82' lang='lat' dir='ltr'><strong>taxatam</strong></span> <span class='ocrx_word' id='word_1_237' title='bbox 1638 1648 1672 1679; x_wconf 91' lang='lat' dir='ltr'><strong>in</strong></span> <span class='ocrx_word' id='word_1_238' title='bbox 1689 1648 1801 1680; x_wconf 84' lang='lat' dir='ltr'><strong>eadem</strong></span> 
     </span>
     <span class='ocr_line' id='line_1_22' title="bbox 321 1717 1800 1763; baseline -0.003 -8"><span class='ocrx_word' id='word_1_239' title='bbox 321 1722 451 1755; x_wconf 84' lang='lat' dir='ltr'><strong>ecclesia</strong></span> <span class='ocrx_word' id='word_1_240' title='bbox 467 1721 617 1763; x_wconf 86' lang='lat' dir='ltr'><strong>quociens</strong></span> <span class='ocrx_word' id='word_1_241' title='bbox 632 1720 735 1762; x_wconf 85' lang='lat' dir='ltr'><strong>ipsam</strong></span> <span class='ocrx_word' id='word_1_242' title='bbox 748 1730 859 1751; x_wconf 83' lang='lat' dir='ltr'><strong>vacare</strong></span> <span class='ocrx_word' id='word_1_243' title='bbox 875 1718 1056 1761; x_wconf 86' lang='lat' dir='ltr'><strong>contigerit.</strong></span> <span class='ocrx_word' id='word_1_244' title='bbox 1103 1717 1150 1749; x_wconf 89' lang='lat' dir='ltr'><strong>Et</strong></span> <span class='ocrx_word' id='word_1_245' title='bbox 1161 1717 1219 1749; x_wconf 90' lang='lat' dir='ltr'><strong>hoc</strong></span> <span class='ocrx_word' id='word_1_246' title='bbox 1231 1719 1337 1749; x_wconf 89' lang='lat' dir='ltr'><strong>totum</strong></span> <span class='ocrx_word' id='word_1_247' title='bbox 1350 1717 1472 1749; x_wconf 82' lang='lat' dir='ltr'><strong>factum</strong></span> <span class='ocrx_word' id='word_1_248' title='bbox 1485 1719 1532 1749; x_wconf 86' lang='lat' dir='ltr'><strong>est</strong></span> <span class='ocrx_word' id='word_1_249' title='bbox 1545 1728 1602 1759; x_wconf 87' lang='lat' dir='ltr'><strong>per</strong></span> <span class='ocrx_word' id='word_1_250' title='bbox 1610 1728 1800 1750; x_wconf 83' lang='lat' dir='ltr'><strong>consensum</strong></span> 
     </span>
     <span class='ocr_line' id='line_1_23' title="bbox 321 1785 1800 1828; baseline -0.004 -4"><span class='ocrx_word' id='word_1_251' title='bbox 321 1791 444 1825; x_wconf 89' lang='lat' dir='ltr'><strong>domini</strong></span> <span class='ocrx_word' id='word_1_252' title='bbox 475 1789 644 1823; x_wconf 73' lang='lat' dir='ltr'>GILBERTI</span> <span class='ocrx_word' id='word_1_253' title='bbox 668 1789 708 1821; x_wconf 90' lang='lat' dir='ltr'><strong>de</strong></span> <span class='ocrx_word' id='word_1_254' title='bbox 732 1788 848 1820; x_wconf 59' lang='lat' dir='ltr'><strong>Omns</strong></span> <span class='ocrx_word' id='word_1_255' title='bbox 874 1814 879 1819; x_wconf 92' lang='lat'><em>.</em></span> <span class='ocrx_word' id='word_1_256' title='bbox 905 1787 1030 1820; x_wconf 84' lang='lat' dir='ltr'><strong>comitis</strong></span> <span class='ocrx_word' id='word_1_257' title='bbox 1066 1786 1300 1819; x_wconf 58' lang='lat' dir='ltr'><strong>&amp;mmmmm</strong></span> <span class='ocrx_word' id='word_1_258' title='bbox 1324 1788 1356 1817; x_wconf 82' lang='lat' dir='ltr'><strong>et</strong></span> <span class='ocrx_word' id='word_1_259' title='bbox 1383 1785 1614 1818; x_wconf 78' lang='lat' dir='ltr'>HERTFORDIE</span> <span class='ocrx_word' id='word_1_260' title='bbox 1640 1813 1646 1818; x_wconf 95' lang='lat'>.</span> <span class='ocrx_word' id='word_1_261' title='bbox 1672 1786 1800 1828; x_wconf 84' lang='lat' dir='ltr'><strong>patroni</strong></span> 
     </span>
     <span class='ocr_line' id='line_1_24' title="bbox 322 1855 1797 1899; baseline -0.004 -6"><span class='ocrx_word' id='word_1_262' title='bbox 322 1861 497 1893; x_wconf 87' lang='lat' dir='ltr'><strong>eorundem</strong></span> <span class='ocrx_word' id='word_1_263' title='bbox 515 1886 520 1890; x_wconf 94' lang='lat'>.</span> <span class='ocrx_word' id='word_1_264' title='bbox 539 1859 688 1892; x_wconf 86' lang='lat' dir='ltr'><strong>Viearius</strong></span> <span class='ocrx_word' id='word_1_265' title='bbox 711 1861 820 1890; x_wconf 88' lang='lat' dir='ltr'><strong>autem</strong></span> <span class='ocrx_word' id='word_1_266' title='bbox 836 1857 892 1899; x_wconf 88' lang='lat' dir='ltr'><strong>qui</strong></span> <span class='ocrx_word' id='word_1_267' title='bbox 908 1868 966 1899; x_wconf 87' lang='lat' dir='ltr'><strong>pro</strong></span> <span class='ocrx_word' id='word_1_268' title='bbox 981 1859 1124 1898; x_wconf 90' lang='lat' dir='ltr'><strong>tempore</strong></span> <span class='ocrx_word' id='word_1_269' title='bbox 1147 1855 1247 1887; x_wconf 80' lang='lat' dir='ltr'><strong>fuerit</strong></span> <span class='ocrx_word' id='word_1_270' title='bbox 1268 1855 1302 1887; x_wconf 90' lang='lat' dir='ltr'><strong>in</strong></span> <span class='ocrx_word' id='word_1_271' title='bbox 1323 1856 1449 1897; x_wconf 79' lang='lat' dir='ltr'><strong>prefata</strong></span> <span class='ocrx_word' id='word_1_272' title='bbox 1465 1855 1594 1887; x_wconf 88' lang='lat' dir='ltr'><strong>ecclesia</strong></span> <span class='ocrx_word' id='word_1_273' title='bbox 1610 1867 1666 1898; x_wconf 88' lang='lat' dir='ltr'><strong>per</strong></span> <span class='ocrx_word' id='word_1_274' title='bbox 1682 1867 1709 1887; x_wconf 88' lang='lat' dir='ltr'><strong>a.</strong></span> <span class='ocrx_word' id='word_1_275' title='bbox 1725 1859 1756 1887; x_wconf 89' lang='lat' dir='ltr'><strong>et</strong></span> <span class='ocrx_word' id='word_1_276' title='bbox 1773 1867 1797 1888; x_wconf 90' lang='grc'><strong>0.</strong></span> 
     </span>
     <span class='ocr_line' id='line_1_25' title="bbox 324 1924 1799 1973; baseline -0.003 -11"><span class='ocrx_word' id='word_1_277' title='bbox 324 1930 361 1962; x_wconf 85' lang='grc' dir='ltr'><strong>Τ.</strong></span> <span class='ocrx_word' id='word_1_278' title='bbox 387 1931 588 1973; x_wconf 80' lang='lat' dir='ltr'><strong>presentatus</strong></span> <span class='ocrx_word' id='word_1_279' title='bbox 615 1930 646 1960; x_wconf 87' lang='lat' dir='ltr'><strong>et</strong></span> <span class='ocrx_word' id='word_1_280' title='bbox 675 1929 716 1959; x_wconf 84' lang='lat' dir='ltr'><strong>ad</strong></span> <span class='ocrx_word' id='word_1_281' title='bbox 742 1927 893 1959; x_wconf 82' lang='lat' dir='ltr'><strong>vicariam</strong></span> <span class='ocrx_word' id='word_1_282' title='bbox 920 1926 1097 1968; x_wconf 84' lang='lat' dir='ltr'><strong>predictam</strong></span> <span class='ocrx_word' id='word_1_283' title='bbox 1123 1925 1280 1957; x_wconf 83' lang='lat' dir='ltr'><strong>admissus</strong></span> <span class='ocrx_word' id='word_1_284' title='bbox 1304 1925 1412 1957; x_wconf 84' lang='lat' dir='ltr'><strong>onmia</strong></span> <span class='ocrx_word' id='word_1_285' title='bbox 1437 1935 1534 1956; x_wconf 85' lang='lat' dir='ltr'><strong>onera</strong></span> <span class='ocrx_word' id='word_1_286' title='bbox 1560 1924 1644 1957; x_wconf 89' lang='lat' dir='ltr'><strong>dicte</strong></span> <span class='ocrx_word' id='word_1_287' title='bbox 1671 1925 1799 1957; x_wconf 83' lang='lat' dir='ltr'><strong>ecclesie</strong></span> 
     </span>
     <span class='ocr_line' id='line_1_26' title="bbox 323 1993 1797 2036; baseline -0.005 -4"><span class='ocrx_word' id='word_1_288' title='bbox 323 1999 485 2032; x_wconf 85' lang='lat' dir='ltr'><strong>ordinaria</strong></span> <span class='ocrx_word' id='word_1_289' title='bbox 515 1996 685 2030; x_wconf 85' lang='lat' dir='ltr'><strong>sustinebit</strong></span> <span class='ocrx_word' id='word_1_290' title='bbox 712 2023 717 2028; x_wconf 92' lang='lat'><em>.</em></span> <span class='ocrx_word' id='word_1_291' title='bbox 745 1996 871 2028; x_wconf 89' lang='lat' dir='ltr'><strong>Domus</strong></span> <span class='ocrx_word' id='word_1_292' title='bbox 902 2006 976 2027; x_wconf 86' lang='lat' dir='ltr'><strong>vero</strong></span> <span class='ocrx_word' id='word_1_293' title='bbox 1006 1995 1046 2027; x_wconf 88' lang='lat' dir='ltr'><strong>de</strong></span> <span class='ocrx_word' id='word_1_294' title='bbox 1077 1994 1124 2026; x_wconf 91' lang='lat' dir='ltr'><strong>M.</strong></span> <span class='ocrx_word' id='word_1_295' title='bbox 1157 1993 1434 2025; x_wconf 84' lang='lat' dir='ltr'><strong>extra-ordinaria.</strong></span> <span class='ocrx_word' id='word_1_296' title='bbox 1497 1993 1542 2025; x_wconf 88' lang='lat' dir='ltr'><strong>Et</strong></span> <span class='ocrx_word' id='word_1_297' title='bbox 1573 1994 1599 2025; x_wconf 92' lang='lat' dir='ltr'><strong>si</strong></span> <span class='ocrx_word' id='word_1_298' title='bbox 1629 1993 1797 2036; x_wconf 83' lang='lat' dir='ltr'><strong>contingat</strong></span> 
     </span>
     <span class='ocr_line' id='line_1_27' title="bbox 323 2062 1798 2108; baseline -0.004 -8"><span class='ocrx_word' id='word_1_299' title='bbox 323 2068 433 2100; x_wconf 88' lang='lat' dir='ltr'><strong>domui</strong></span> <span class='ocrx_word' id='word_1_300' title='bbox 449 2068 489 2099; x_wconf 90' lang='lat' dir='ltr'><strong>de</strong></span> <span class='ocrx_word' id='word_1_301' title='bbox 506 2066 552 2099; x_wconf 91' lang='lat' dir='ltr'><strong>M.</strong></span> <span class='ocrx_word' id='word_1_302' title='bbox 572 2077 665 2108; x_wconf 84' lang='lat' dir='ltr'><strong>super</strong></span> <span class='ocrx_word' id='word_1_303' title='bbox 680 2065 830 2107; x_wconf 84' lang='lat' dir='ltr'><strong>predictis</strong></span> <span class='ocrx_word' id='word_1_304' title='bbox 846 2064 906 2097; x_wconf 89' lang='lat' dir='ltr'><strong>sibi</strong></span> <span class='ocrx_word' id='word_1_305' title='bbox 923 2064 1061 2097; x_wconf 89' lang='lat' dir='ltr'><strong>dimissis</strong></span> <span class='ocrx_word' id='word_1_306' title='bbox 1081 2066 1177 2105; x_wconf 88' lang='lat' dir='ltr'><strong>atque</strong></span> <span class='ocrx_word' id='word_1_307' title='bbox 1193 2062 1332 2095; x_wconf 86' lang='lat' dir='ltr'><strong>remissis</strong></span> <span class='ocrx_word' id='word_1_308' title='bbox 1353 2063 1552 2105; x_wconf 88' lang='lat' dir='ltr'><strong>questionem</strong></span> <span class='ocrx_word' id='word_1_309' title='bbox 1576 2063 1697 2095; x_wconf 85' lang='lat' dir='ltr'><strong>moveri</strong></span> <span class='ocrx_word' id='word_1_310' title='bbox 1720 2063 1798 2094; x_wconf 87' lang='lat' dir='ltr'><strong>adeo</strong></span> 
     </span>
     <span class='ocr_line' id='line_1_28' title="bbox 325 2131 1799 2179; baseline -0.002 -13"><span class='ocrx_word' id='word_1_311' title='bbox 325 2138 409 2179; x_wconf 74' lang='lat' dir='ltr'><strong>quod</strong></span> <span class='ocrx_word' id='word_1_312' title='bbox 444 2135 619 2168; x_wconf 79' lang='lat' dir='ltr'><strong>necessan&#39;a</strong></span> <span class='ocrx_word' id='word_1_313' title='bbox 657 2137 802 2176; x_wconf 80' lang='lat' dir='ltr'><strong>oporteat</strong></span> <span class='ocrx_word' id='word_1_314' title='bbox 836 2134 1051 2166; x_wconf 85' lang='lat' dir='ltr'><strong>instrumenta</strong></span> <span class='ocrx_word' id='word_1_315' title='bbox 1082 2144 1144 2175; x_wconf 87' lang='lat' dir='ltr'><strong>que</strong></span> <span class='ocrx_word' id='word_1_316' title='bbox 1177 2144 1204 2164; x_wconf 88' lang='lat' dir='ltr'><strong>a.</strong></span> <span class='ocrx_word' id='word_1_317' title='bbox 1238 2134 1270 2164; x_wconf 83' lang='lat' dir='ltr'><strong>et</strong></span> <span class='ocrx_word' id='word_1_318' title='bbox 1301 2143 1325 2164; x_wconf 88' lang='lat' dir='ltr'><strong>e.</strong></span> <span class='ocrx_word' id='word_1_319' title='bbox 1359 2132 1398 2164; x_wconf 89' lang='lat' dir='ltr'><strong>de</strong></span> <span class='ocrx_word' id='word_1_320' title='bbox 1430 2131 1467 2164; x_wconf 82' lang='lat' dir='ltr'><strong>T.</strong></span> <span class='ocrx_word' id='word_1_321' title='bbox 1500 2132 1576 2164; x_wconf 86' lang='lat' dir='ltr'><strong>inde</strong></span> <span class='ocrx_word' id='word_1_322' title='bbox 1607 2131 1727 2167; x_wconf 84' lang='lat' dir='ltr'><strong>habent</strong></span> <span class='ocrx_word' id='word_1_323' title='bbox 1757 2132 1799 2164; x_wconf 85' lang='lat' dir='ltr'><strong>ad</strong></span> 
     </span>
     <span class='ocr_line' id='line_1_29' title="bbox 323 2201 1799 2239; baseline -0.003 -3"><span class='ocrx_word' id='word_1_324' title='bbox 323 2206 542 2239; x_wconf 75' lang='lat' dir='ltr'><strong>defensionem</strong></span> <span class='ocrx_word' id='word_1_325' title='bbox 567 2205 726 2236; x_wconf 81' lang='lat' dir='ltr'><strong>dictorum</strong></span> <span class='ocrx_word' id='word_1_326' title='bbox 754 2215 781 2235; x_wconf 88' lang='lat' dir='ltr'><strong>a.</strong></span> <span class='ocrx_word' id='word_1_327' title='bbox 810 2206 843 2235; x_wconf 91' lang='lat' dir='ltr'><strong>et</strong></span> <span class='ocrx_word' id='word_1_328' title='bbox 859 2214 883 2235; x_wconf 86' lang='lat' dir='ltr'><strong>c.</strong></span> <span class='ocrx_word' id='word_1_329' title='bbox 901 2204 941 2235; x_wconf 87' lang='lat' dir='ltr'><strong>de</strong></span> <span class='ocrx_word' id='word_1_330' title='bbox 969 2202 1015 2234; x_wconf 91' lang='lat' dir='ltr'><strong>M.</strong></span> <span class='ocrx_word' id='word_1_331' title='bbox 1034 2201 1154 2234; x_wconf 82' lang='lat' dir='ltr'><strong>exiberi</strong></span> <span class='ocrx_word' id='word_1_332' title='bbox 1176 2227 1181 2232; x_wconf 94' lang='lat'>.</span> <span class='ocrx_word' id='word_1_333' title='bbox 1207 2201 1294 2233; x_wconf 89' lang='lat' dir='ltr'><strong>idem</strong></span> <span class='ocrx_word' id='word_1_334' title='bbox 1318 2212 1346 2233; x_wconf 82' lang='lat' dir='ltr'><strong>a.</strong></span> <span class='ocrx_word' id='word_1_335' title='bbox 1364 2204 1394 2233; x_wconf 85' lang='lat' dir='ltr'><strong>et</strong></span> <span class='ocrx_word' id='word_1_336' title='bbox 1421 2213 1445 2233; x_wconf 71' lang='grc'><strong>0.</strong></span> <span class='ocrx_word' id='word_1_337' title='bbox 1464 2202 1503 2233; x_wconf 87' lang='grc'><strong>(10</strong></span> <span class='ocrx_word' id='word_1_338' title='bbox 1528 2201 1565 2233; x_wconf 88' lang='grc' dir='ltr'><strong>Τ.</strong></span> <span class='ocrx_word' id='word_1_339' title='bbox 1583 2201 1799 2233; x_wconf 82' lang='lat' dir='ltr'><strong>instrumenta</strong></span> 
     </span>
    </p>
   </div>
   <div class='ocr_carea' id='block_1_3' title="bbox 324 2269 1801 2315">
    <p class='ocr_par' dir='ltr' id='par_1_3' title="bbox 324 2269 1801 2315">
     <span class='ocr_line' id='line_1_30' title="bbox 324 2269 1801 2315; baseline -0.004 -8"><span class='ocrx_word' id='word_1_340' title='bbox 324 2275 516 2308; x_wconf 83' lang='lat' dir='ltr'><strong>sufficiencia</strong></span> <span class='ocrx_word' id='word_1_341' title='bbox 547 2285 608 2315; x_wconf 80' lang='lat' dir='ltr'><strong>que</strong></span> <span class='ocrx_word' id='word_1_342' title='bbox 639 2284 734 2315; x_wconf 81' lang='lat' dir='ltr'><strong>super</strong></span> <span class='ocrx_word' id='word_1_343' title='bbox 765 2272 925 2314; x_wconf 80' lang='lat' dir='ltr'><strong>promissis</strong></span> <span class='ocrx_word' id='word_1_344' title='bbox 955 2283 1052 2314; x_wconf 86' lang='lat' dir='ltr'><strong>penes</strong></span> <span class='ocrx_word' id='word_1_345' title='bbox 1082 2272 1167 2314; x_wconf 89' lang='lat' dir='ltr'><strong>ipsos</strong></span> <span class='ocrx_word' id='word_1_346' title='bbox 1198 2270 1318 2303; x_wconf 79' lang='lat' dir='ltr'><strong>habent</strong></span> <span class='ocrx_word' id='word_1_347' title='bbox 1349 2270 1499 2312; x_wconf 84' lang='lat' dir='ltr'><strong>quociens</strong></span> <span class='ocrx_word' id='word_1_348' title='bbox 1530 2280 1609 2311; x_wconf 90' lang='lat' dir='ltr'><strong>opus</strong></span> <span class='ocrx_word' id='word_1_349' title='bbox 1640 2269 1738 2301; x_wconf 80' lang='lat' dir='ltr'><strong>fuerit</strong></span> <span class='ocrx_word' id='word_1_350' title='bbox 1769 2273 1801 2301; x_wconf 90' lang='lat' dir='ltr'><strong>et</strong></span> 
     </span>
    </p>
   </div>
  </div>
 </body>
</html>
