1998 2724
1505 160 1567 189 403

780 314 973 347 COCOXII.

141 396 303 430 GRANT
328 396 392 428 BY
416 395 584 428 PHILIP
608 395 672 428 DE
696 396 941 429 MARC-ROSS
965 396 1023 428 oF
1048 396 1116 428 AN
1141 395 1347 428 ANNUAL
1371 395 1500 427 RENT
1524 395 1617 427 Fon

225 465 401 498 LIGHTS
425 465 482 497 TO
508 464 606 497 THE
631 465 888 497 CHURCHES
913 465 972 497 OF
996 465 1164 497 NEATH
1188 465 1290 497 AND
1315 463 1534 496 MARGAM.

683 546 858 589 [MARGAM
881 547 1074 590 CHARTER]
1355 546 1459 578 CIRCA
1478 546 1572 577 1220.

184 630 343 662 Omnibus
355 629 471 662 Sancte
487 629 614 661 ecclesie
630 629 704 660 filiis
720 629 760 660 ad
776 640 855 670 quos
870 632 1031 671 presentes
1047 629 1151 661 littere
1167 628 1381 671 pervenerint.
1429 627 1621 659 PmLmUs

141 700 181 731 de
197 699 360 730 MARGROS
378 725 383 730 .
402 699 546 730 salutem.

186 768 323 801 Noverit
338 767 529 799 universitas
545 770 650 799 vestra
664 778 716 798 me
731 778 788 808 pro
805 767 906 798 salute
923 767 1028 798 anime
1044 778 1113 798 mee
1131 793 1136 798 .
1155 769 1186 799 et
1208 767 1315 798 uxoris
1336 777 1406 798 mee
1427 768 1458 797 et
1477 766 1622 797 omnium

143 841 377 869 antecessorum
395 863 400 869 .
418 839 451 868 et
471 847 683 868 successorum
702 863 707 868 .
726 847 869 868 meorum
887 863 892 868 .
912 837 1098 868 concessisse
1121 839 1153 868 et
1175 837 1299 868 dedisse
1322 839 1354 868 et
1377 836 1436 867 hae
1459 836 1598 877 presenti
1616 862 1622 867 .

144 910 231 939 carta
253 918 324 938 mea
349 907 550 938 confirmasse
572 906 643 938 Deo
667 910 699 937 et
721 906 848 937 eoelesie
871 905 987 938 Sancte
1011 906 1132 937 MAmE
1155 907 1195 937 de
1214 905 1369 937 MARGAN
1389 931 1394 937 .
1413 908 1445 937 et
1459 905 1625 937 monachis

144 976 264 1008 ibidem
288 976 358 1008 Deo
381 975 592 1007 servientibus
615 975 648 1006 in
672 986 786 1017 pmam
810 977 842 1006 et
865 978 1052 1017 perpetuam
1074 975 1280 1007 elemosinam
1298 1001 1303 1006 .
1322 975 1485 1006 redditum
1501 985 1532 1006 x.
1551 974 1624 1006 soli-

146 1047 259 1077 dorum
292 1071 298 1077 ,
330 1046 371 1076 ad
402 1045 561 1076 luminare
590 1044 821 1076 inveniendum
852 1040 913 1075 ‹lie'
933 1045 1163 1086 purifieationis
1193 1044 1285 1076 beate
1320 1044 1455 1086 virginis
1493 1043 1624 1075 MARIE.

146 1114 199 1146 Ex
223 1114 338 1156 quibus
362 1125 392 1146 x.
414 1114 531 1145 solidos
553 1113 701 1145 monaehi
725 1114 765 1144 de
788 1113 942 1145 MARGAN
969 1114 1143 1155 percipient
1167 1125 1212 1145 Vl.
1236 1113 1375 1144 solidos.
1395 1113 1563 1144 annuatim
1588 1113 1627 1144 de

146 1183 310 1215 monachis
331 1184 370 1214 de
390 1182 495 1215 NETH
514 1209 519 1214 .
538 1183 579 1214 ad
602 1182 722 1214 festum
745 1182 855 1215 Sancti
879 1182 1075 1214 Mmfflms
1093 1208 1098 1213 .
1117 1194 1173 1224 pro
1197 1193 1315 1214 xxxvl.
1341 1182 1420 1213 acris
1443 1184 1526 1213 terre
1549 1192 1628 1223 quas

148 1252 262 1283 domus
284 1252 323 1283 de
346 1251 450 1283 NETH
473 1253 563 1282 tenet
585 1252 625 1282 de
647 1262 699 1282 me
721 1251 755 1282 in
780 1251 984 1282 elemosinam
1011 1277 1015 1282 .
1042 1251 1123 1282 siout
1147 1253 1234 1282 earta
1257 1262 1366 1282 eorum
1390 1262 1487 1292 quam
1510 1251 1550 1282 de
1576 1261 1629 1281 me

148 1320 269 1353 habent
297 1322 442 1352 testatur.
490 1320 535 1352 Et
566 1331 635 1352 111J.
665 1320 782 1352 solidos
812 1321 924 1351 reddet
951 1320 1014 1351 illis
1047 1320 1280 1351 BALDEWINUS
1311 1320 1350 1350 de
1380 1319 1506 1351 LANDU
1536 1345 1541 1350 .
1571 1331 1628 1361 pro

149 1395 286 1421 XX111J⁰‘'
303 1389 382 1421 aeris
402 1392 485 1421 terre
502 1415 508 1421 .
527 1400 606 1431 quas
625 1400 684 1431 ego
707 1388 898 1421 anppvs
914 1390 954 1420 de
969 1389 1132 1420 Minenos
1147 1389 1222 1420 dedi
1240 1389 1275 1420 in
1291 1399 1406 1430 puram
1422 1388 1629 1420 elemosinam

148 1459 283 1501 predicti
298 1458 408 1490 domui
423 1459 463 1490 de
479 1458 635 1490 MARGAN
653 1484 659 1490 .
677 1459 717 1489 de
738 1458 837 1490 libero
860 1461 1044 1490 tenemento
1066 1469 1137 1489 meo
1161 1458 1200 1489 de
1223 1457 1387 1489 MARcRos
1404 1483 1410 1489 .
1428 1457 1470 1489 ad
1493 1458 1629 1488 eandem

149 1528 324 1560 terminum
341 1554 347 1560 .
365 1527 475 1560 Sancti
491 1528 697 1559 MICHAELIS.
745 1528 823 1559 Hiis
841 1554 846 1559 .
865 1527 1024 1559 Testibus.

194 1597 395 1628 Entitled—‘
410 1596 507 1628 Carta
523 1597 667 1639 ejusdem
684 1597 723 1628 (le
739 1596 952 1628 luminaribus
967 1596 1002 1627 in
1019 1596 1070 1627 die
1086 1595 1339 1637 purificationis.'

785 1741 1000 1774 OOGOXHI.

152 1823 516 1856 OONFIRMATION
555 1823 620 1856 BY
659 1823 814 1863 ESPUS‚
847 1823 935 1856 SON
975 1823 1033 1855 OF
1073 1822 1292 1855 OARADOC
1331 1822 1411 1861 DU,
1451 1822 1510 1853 OF
1550 1821 1631 1854 HIS

261 1892 518 1925 PATERNAL
545 1893 743 1926 UNOLE’S
769 1892 932 1925 GRANT
960 1892 1013 1924 IN
1040 1891 1260 1924 PEITIVIN
1287 1891 1431 1930 LAND,
1448 1890 1550 1923 AND
1573 1890 1632 1922 OF

263 1961 362 1994 THE
385 1961 518 1994 LAND
543 1962 830 1994 RECOVERED
860 1961 991 1994 FROM
1019 1961 1100 1993 HIS
1124 1960 1322 1993 UNCLE'S
1351 1959 1632 1999 DAUGHTER,

263 2031 321 2063 To
354 2031 563 2063 MARGAM
593 2031 767 2064 ABBEY.

696 2106 871 2150 [MARGAM
894 2106 1089 2149 CHARTER]

198 2183 367 2215 Universis
383 2182 498 2215 Sancte
514 2183 641 2214 ecclesie
657 2183 732 2214 filiis
751 2183 806 2225 qui
828 2186 1006 2225 presentem
1028 2186 1147 2214 cartam
1170 2183 1368 2224 inspexerint
1392 2207 1398 2214 .
1425 2181 1534 2213 Esmxs
1550 2181 1635 2213 filius

155 2253 202 2284 CA
207 2263 326 2284 RADOCI
343 2252 487 2283 salutem.
