1998 2724
366 182 427 213 682

958 349 1158 381 DCXXIX.

320 433 507 465 LETTER
538 432 670 465 FROM
698 433 796 465 THE
829 431 963 464 DEAN
994 432 1053 463 OF
1082 431 1323 464 GRUNUTH
1351 431 1413 464 ΟΒ,
1444 430 1709 464 GRONEATH
1739 431 1796 463 TO

430 502 529 535 THE
568 502 714 534 PRIOR
745 502 804 534 OF
841 501 1043 539 TALLEY,
1075 500 1381 534 OOMMISSARY
1419 501 1479 533 OF
1510 500 1608 533 THE
1640 499 1798 533 ABBOT

432 572 491 604 OF
522 571 754 604 WIGMORE
784 571 886 603 AND
918 571 978 603 OF
1009 570 1200 603 MASTER
1232 569 1486 602 GEOFFREY
1516 570 1580 602 DE
1619 569 1795 609 BURGO,

430 641 592 673 OANON
630 641 689 673 OF
726 640 997 679 LLANDAFF,
1033 639 1190 672 PAPAL
1227 639 1517 678 DELEGATES,
1557 639 1688 672 THAT
1726 638 1797 671 HE

430 687 525 742 H'AS
565 709 779 742 WARNED
821 708 921 741 THE
963 708 1120 741 ABBOT
1162 708 1222 741 OF
1264 708 1583 747 GLOUOESTER,
1624 707 1797 740 UNDER

429 779 547 811 PAIN
586 779 645 811 OF
675 778 1073 811 EOOLESIASTIGAL
1107 777 1336 817 GENSURE,
1369 777 1428 809 OF
1459 777 1541 809 HIS
1572 777 1699 809 DEBT
1738 777 1798 809 OF

429 848 524 880 ONE
555 847 798 880 HUNDRED
828 847 1017 880 POUNDS
1050 847 1151 880 DUE
1183 846 1240 879 TO
1271 846 1482 880 MARGAM
1512 846 1685 879 ABBEY.

864 929 1038 972 [MARGAM
1063 929 1259 972 camma]

944 1011 1079 1044 Ocmvn
1104 1022 1143 1043 OF
1167 1010 1219 1043 ST.
1245 1011 1366 1043 ιῘΑΜΕΞ.
1416 1012 1429 1042 1
1458 1011 1608 1042 AUGnsT.
1658 1011 1752 1042 1265.

361 1094 441 1127 Viro
479 1095 614 1127 discreto
654 1121 660 1126 .
702 1095 831 1127 domino
870 1094 969 1137 priori
1007 1095 1046 1126 de
1084 1094 1314 1126 TALLELETHO
1351 1093 1565 1125 commissario
1597 1092 1721 1125 abbatis
1759 1094 1798 1125 de

320 1164 520 1196 WIGEMORE
545 1189 552 1197 .
578 1167 610 1196 et
625 1164 773 1207 magistri
790 1164 962 1196 GALFRIDI
979 1164 1019 1196 de
1043 1163 1165 1196 BURGO
1182 1189 1187 1195 .
1207 1163 1350 1195 canonici
1366 1162 1610 1195 LANDAVENsls
1627 1188 1632 1193 .
1651 1161 1797 1204 judicum

319 1245 337 1265 a
353 1234 495 1266 Domino
513 1234 602 1276 Papa
618 1234 840 1276 delegatorum
859 1259 865 1265 .
883 1234 1023 1266 decanus
1039 1234 1078 1265 de
1095 1232 1269 1265 GRUNUTH
1287 1233 1422 1264 salutem
1439 1232 1473 1263 iu
1490 1231 1643 1263 Domino.

363 1302 558 1335 Mandatum
575 1305 716 1335 vestrum
732 1306 883 1335 executus
900 1303 1013 1334 monui
1030 1302 1127 1334 semel
1146 1327 1151 1333 .
1170 1302 1309 1333 secundo
1327 1327 1333 1332 .
1352 1304 1382 1332 et
1399 1301 1494 1332 tertio
1513 1326 1519 1331 .
1535 1301 1617 1332 vires
1633 1300 1797 1342 religiosos

318 1371 467 1404 abbatem
499 1375 530 1404 et
558 1374 751 1404 conventum
778 1372 964 1404 monasterii
992 1371 1102 1403 Sancti
1129 1370 1236 1402 PETRI
1266 1369 1500 1402 GLoncESTROE
1531 1372 1563 1401 et
1594 1369 1639 1401 eis
1669 1369 1796 1411 puplice

322 1441 513 1473 denunciavi
531 1443 566 1473 ut
583 1441 661 1473 citra
685 1441 808 1473 instans
831 1441 950 1474 festum
974 1440 1084 1473 Sancti
1108 1440 1256 1472 Asnam
1273 1439 1408 1481 apostoli
1424 1439 1608 1481 proximum
1625 1441 1797 1470 venturum

321 1510 445 1542 solvant
471 1522 499 1542 ἡ.
521 1513 551 1542 et
577 1522 601 1542 c.
624 1522 666 1542 m.
684 1510 716 1542 S.
735 1511 781 1542 M.
801 1512 840 1542 (le
856 1510 902 1542 M.
922 1510 1173 1543 mmmmm-515
1197 1509 1317 1541 ordinis
1341 1508 1584 1540 LANDAVENsm
1608 1508 1765 1540 dioceseos
1792 1534 1797 1539 .

320 1582 448 1611 eentum
472 1579 569 1611 libras
592 1580 821 1621 sterlingorum
839 1606 844 1612 .
863 1580 913 1612 vel
930 1580 1043 1612 saltem
1066 1580 1105 1611 de
1121 1579 1241 1611 eisdem
1256 1580 1386 1610 centum
1406 1577 1497 1610 libris
1521 1577 1639 1609 eisdem
1663 1589 1691 1609 a.
1716 1579 1749 1609 et
1771 1589 1795 1609 c.

251 1654 254 1658 '
318 1649 357 1680 de
373 1647 420 1680 M.
439 1648 518 1680 citra
533 1648 619 1680 idem
635 1649 755 1681 festum
771 1649 981 1681 satisfaciant.
1028 1648 1071 1680 In
1087 1648 1204 1690 quibus
1219 1659 1271 1680 eos
1287 1649 1417 1690 propter
1432 1647 1576 1689 ipsorum
1593 1646 1798 1679 temerariam

320 1720 352 1750 et
375 1717 628 1760 calumpniosam
651 1718 857 1750 vexacionem
890 1744 896 1750 .
924 1718 1044 1751 eisdem
1067 1729 1095 1750 a.
1123 1719 1155 1750 et
1178 1729 1202 1750 c.
1228 1718 1268 1749 de
1291 1716 1338 1748 M.
1364 1716 1404 1748 ab
1426 1715 1504 1758 ipsis
1526 1727 1630 1758 nuper
1653 1715 1796 1747 delatam

318 1787 482 1819 mediante
498 1786 642 1829 justitia.
655 1787 889 1820 sententialiter
905 1787 1162 1829 condempnastis
1173 1788 1204 1818 et
1220 1785 1394 1818 diffinitive
1408 1811 1413 1817 .
1428 1785 1563 1817 scientes
1575 1785 1661 1827 quod
1677 1784 1739 1816 nisi
1758 1785 1798 1816 de

319 1856 534 1898 predictarum
551 1859 680 1888 centum
703 1857 859 1889 librarum
882 1857 1042 1889 solucione
1061 1883 1066 1888 .
1084 1856 1137 1888 vel
1152 1855 1368 1888 satisfactione
1391 1854 1546 1897 premissa
1571 1853 1657 1886 facta
1678 1853 1798 1885 eisdem

319 1936 346 1957 a.
373 1927 404 1956 et
430 1936 454 1957 c.
480 1926 519 1957 de
542 1925 589 1957 M.
615 1926 649 1957 in
672 1926 814 1968 predicto
838 1926 919 1958 festo
943 1925 1053 1958 Sancti
1076 1925 1225 1957 ANDREE
1249 1924 1361 1955 docere
1384 1923 1550 1965 potuerint
1575 1948 1580 1954 .
1603 1933 1658 1954 vos
1681 1933 1733 1954 eos
1757 1922 1798 1953 ad

319 1994 495 2037 predictam
519 1995 714 2027 solucionem
730 1995 795 2027 sive
819 1995 1070 2028 satisfactionem
1093 1993 1275 2026 faciendam
1293 2017 1300 2023 .
1318 2003 1374 2034 per
1398 2001 1624 2033 quamcunque
1648 1989 1798 2032 expedire

316 2063 461 2095 videritis
484 2075 650 2096 censuram
673 2064 917 2096 ecclesiasticam
944 2063 1150 2106 compelletis.
1200 2062 1240 2094 In
1265 2060 1359 2103 cujus
1381 2060 1427 2092 roi
1450 2059 1671 2092 testimonium
1697 2085 1702 2090 .
1726 2069 1797 2101 pre-

318 2131 461 2164 sentibus
477 2131 621 2174 sigillum
638 2144 745 2164 meum
763 2133 906 2175 apposui.

363 2201 487 2233 Datum
505 2213 589 2233 anno
605 2202 728 2234 domiui
745 2207 789 2233 Mn>
809 2208 861 2234 ρεθ-
880 2201 1078 2244 sexagesimo
1097 2200 1210 2242 quinto
1228 2225 1233 2231 .
1253 2198 1295 2231 In
1312 2197 1432 2230 octabis
1449 2197 1561 2229 Sancti
1577 2196 1598 2229 J
1602 2207 1707 2228 ACOBL

363 2269 435 2302 Seal
453 2271 609 2313 wanting.
