1998 2724
1539 161 1600 192 511

216 321 245 352 1.
291 319 395 352 Label
416 318 576 350 inscribed
600 318 668 350 ‘De
692 318 861 351 Rievalle.’
905 318 1019 351 About
1045 318 1131 359 hgin.
1152 317 1198 360 by
1223 317 1308 359 lssin.
1355 318 1411 350 An
1438 317 1545 357 abbot,
1568 318 1648 349 with

171 389 287 422 orozier
302 388 367 420 and
384 386 476 427 book,
493 398 535 420 on
550 398 570 419 a
584 386 749 429 platform.

554 456 694 488 ‘SIGILL'
707 482 713 488 .
731 467 774 488 AB
792 483 798 488 .
818 482 824 488 .
843 482 850 488 .
868 468 898 488 Is
915 482 922 489 .
941 468 985 488 DE
1003 483 1009 488 .
1028 467 1176 488 RIEVALL
1193 481 1199 488 .
1218 482 1224 488 .
1244 481 1250 487 .
1264 455 1271 468 ’

682 525 805 567 (Biroh,
825 526 925 558 Oatal.
942 526 1005 558 No.
1023 525 1144 566 3‚909.)

214 596 245 628 2.
293 594 363 627 ‘De
378 594 476 629 Valle
492 594 577 627 Dei?
623 593 755 626 Similar
770 595 894 637 design.
941 595 1055 627 About
1071 594 1157 636 lffiin.
1174 593 1219 636 by
1235 594 1300 636 {in-

629 666 636 679 ‘
652 689 762 695 .....
780 675 807 695 Μ
824 675 964 696 ABBATIS
981 689 1170 695 ........
1187 662 1194 675 ’

681 732 802 774 (Birch‚
824 733 923 765 Catal.
942 732 1005 765 No.
1023 733 1144 774 4238.)

216 803 247 834 3.
295 806 303 819 ‘
315 802 366 834 De
382 801 603 845 Kingeswde?
649 801 790 834 Similar.
840 802 925 844 lssin.
943 802 987 844 by
1004 802 1069 845 gin.

620 874 627 887 ⁵
642 894 805 903 .......
824 882 887 902 BAT
905 896 912 903 .
931 897 937 902 .
957 897 963 903 .
983 897 988 902 .
1009 896 1015 902 .
1034 896 1040 902 .
1059 869 1214 902 INGEsw.’

680 940 801 982 (Bireh,
824 941 923 971 catal.
941 939 1004 972 No.
1023 940 1144 980 3355.)

218 1011 248 1042 4.
296 1013 304 1027 ⁶
317 1009 368 1042 De
384 1009 496 1042 Neth.’
544 1009 684 1042 Similar.
731 1008 842 1041 About
862 1009 946 1050 lgin.
964 1008 1009 1050 by
1027 1009 1113 1050 igin.

578 1081 586 1095 ‘
602 1103 816 1110 .........
835 1089 861 1109 Μ
878 1089 1018 1109 ABBATIs
1036 1103 1041 1109 .
1060 1089 1103 1109 DE
1122 1102 1231 1108 .....
1248 1076 1255 1089 ’

685 1146 807 1188 (Birch,
829 1147 927 1179 Catal.
945 1146 1008 1179 No.
1027 1146 1149 1187 3‚670.)

216 1216 442 1249 Endorsed—‘
450 1216 646 1259 Compositio
658 1216 744 1248 inter
755 1216 887 1248 domum
900 1216 939 1247 de
952 1215 1092 1258 Margan
1106 1218 1137 1246 et
1153 1216 1286 1246 domum
1300 1215 1340 1246 de
1356 1213 1447 1246 Neth
1460 1239 1466 1245 .
1479 1213 1633 1246 seeunda'
1646 1226 1653 1253 ;

172 1287 238 1318 and
253 1286 288 1318 in
305 1297 324 1318 a
338 1286 420 1317 later
435 1285 577 1317 hand—‘
589 1285 640 1318 De
656 1285 799 1317 Newton
816 1287 848 1317 et
863 1284 1025 1317 Neutonis
1040 1283 1187 1316 Dowen.’

875 1452 951 1485 DV,

170 1534 515 1568 NOTIFIOATION
542 1534 608 1567 BY
632 1533 784 1573 ELIAS,
812 1533 987 1566 BISHOP
1015 1533 1074 1565 OF
1101 1532 1369 1570 LLANDAFF,
1395 1531 1526 1564 THAT
1553 1531 1652 1564 THE

280 1603 436 1637 ABBOT
474 1603 534 1636 OF
571 1602 909 1635 TEWKESBURY
947 1601 1042 1634 HAS
1081 1600 1377 1634 RENOUNOED
1415 1600 1497 1632 HIS
1536 1599 1651 1632 OASE

278 1672 487 1706 AGAINST
533 1671 744 1705 MARGAM
790 1671 964 1710 ABBEY,
1004 1669 1300 1703 RESPEGTING
1339 1669 1438 1702 THE
1476 1669 1650 1702 TITHES

280 1741 340 1774 OF
381 1739 576 1774 KENFIG.

532 1822 706 1866 [MARGAM
730 1821 925 1865 CHARTER]
1017 1832 1086 1853 mv.
1104 1820 1192 1852 ΚΑΒ.
1210 1820 1233 1853 J
1236 1831 1291 1852 tm.
1340 1821 1380 1852 18
1397 1820 1491 1859 ΜΑΥ,
1510 1820 1603 1851 1239.

212 1905 383 1938 Universis
413 1905 554 1938 CHRISTI
582 1905 730 1937 fidelibus
761 1905 802 1937 ad
827 1916 905 1947 quos
930 1915 1057 1947 presens
1084 1904 1238 1946 seriptum
1264 1902 1446 1945 pervenerit
1470 1927 1476 1933 .
1502 1901 1643 1945 E[L1As]

169 1976 233 2009 Dei
249 1974 354 2018 gratia
371 1974 612 2006 LANDAVENSIS
628 1974 792 2016 episeopus
808 1976 951 2005 eternam
964 1973 997 2004 in
1014 1972 1155 2005 Domino
1171 1972 1318 2004 salutem.

214 2043 377 2080 Quoniam
393 2054 430 2075 ea
445 2054 517 2085 quae
533 2054 639 2075 eoram
660 2043 753 2075 nobis
775 2043 914 2075 fideliter
937 2045 1008 2074 aeta
1033 2044 1107 2074 sunt
1131 2041 1356 2084 perpetuitatis
1379 2039 1476 2072 robur
1503 2040 1647 2082 optinere

167 2113 286 2146 debent
317 2112 351 2144 in
387 2114 588 2154 perpetuum.
652 2111 867 2144 Universitati
894 2114 997 2143 vestre
1021 2109 1222 2153 presentibus
1246 2109 1398 2141 duximus
1427 2109 1646 2140 intimandum

168 2183 256 2226 quod
271 2182 421 2214 dominus
432 2181 474 2213 R.
491 2181 589 2213 abbas
605 2180 843 2213 Tmmsssmnm
858 2180 893 2211 in
908 2179 1069 2222 presentia
1084 2180 1194 2211 nostra
1209 2178 1401 2211 constitutus
1419 2204 1425 2210 .
1443 2177 1483 2210 ob
1502 2178 1646 2210 favorem

170 2250 337 2294 religionis
352 2252 384 2283 et
398 2250 485 2293 pacis
508 2250 596 2282 omni
617 2249 777 2291 questioni
801 2251 834 2281 et
854 2249 906 2281 liti
926 2248 1035 2281 abbati
1058 2255 1090 2280 et
1115 2247 1288 2280 conventui
1311 2248 1352 2280 de
1376 2246 1532 2279 MARGAN
1553 2258 1648 2289 super
