1998 2724
286 142 349 173 356

285 299 400 332 Sciatis
415 300 502 342 quod
524 310 583 341 ego
601 298 732 331 consilio
749 301 781 330 et
797 309 952 330 consensu
974 298 1084 330 uxoris
1105 310 1174 331 mee
1189 302 1221 330 et
1239 298 1393 331 heredum
1414 310 1560 332 meorum
1581 300 1721 332 concessi

240 373 273 401 et
293 369 367 401 dedi
389 371 421 401 et
441 368 501 400 hae
522 374 610 400 carta
631 367 817 399 confirmavi
840 366 910 398 Deo
933 369 966 399 et
981 367 1111 399 ecclesie
1132 366 1248 400 Sancte
1271 368 1392 400 Minue
1415 369 1454 400 de
1475 368 1629 401 MARGAN
1657 395 1662 400 .
1687 372 1720 402 et

239 438 404 471 monachis
426 437 547 470 ibidem
571 437 641 469 Deo
666 436 878 469 servientibus
899 436 933 468 in
955 436 1164 469 elemosinam
1186 436 1321 470 liberam
1346 440 1377 470 et
1401 438 1544 481 quietam
1566 437 1608 471 ab
1631 438 1720 471 omni

239 508 370 540 servicio
401 510 433 539 et
463 507 693 539 consuetudine
726 510 757 538 et
788 506 954 538 exactione
987 505 1121 538 seculari
1148 506 1345 549 burgagium
1376 518 1484 539 meum
1512 508 1546 539 in
1574 507 1651 539 villa
1677 508 1718 540 de

238 576 411 609 KENm-EG
436 602 442 608 .
468 588 541 608 cum
557 579 642 607 terra
658 587 729 607 mea
749 575 845 617 juxta
867 574 1033 607 castellum
1056 575 1202 617 ejusdem
1218 575 1294 607 ville
1319 602 1325 607 .
1351 579 1383 608 et
1399 588 1497 608 unam
1513 588 1619 608 acram
1635 578 1718 609 terre

237 648 328 678 extra
340 646 452 678 villam
459 645 555 687 juxta
568 644 785 677 malederiam.
826 643 872 676 Et
884 655 944 686 ego
957 643 1173 676 warantizabo
1188 645 1339 686 predictis
1356 645 1520 677 monachis
1537 645 1596 677 hoc
1612 648 1717 678 totum

237 720 348 747 contra
378 726 489 747 omnes
515 714 670 746 homines,
719 713 869 746 Testibus
897 739 902 744 .
928 712 1055 745 ΤΗΟΜΑ
1085 712 1260 755 Capellano
1287 714 1328 746 de
1354 713 1519 746 KENEmo
1546 741 1550 745 .
1580 713 1719 747 OSMERO

237 784 373 816 OUUIAN
393 810 398 816 .
414 783 591 817 WALTERO
608 783 731 815 Lvunl,
749 809 755 814 .
774 782 891 814 DAvm
908 782 975 814 filio
992 781 1097 814 Hm(
1111 808 1117 815 .
1131 782 1310 815 Wssmmo
1324 809 1329 814 .
1345 782 1444 815 Tomi
1460 783 1526 815 filio
1544 783 1691 816 Rwfflm
1711 810 1717 815 .

235 853 396 885 Roennro
412 853 478 886 filio
496 853 682 885 Rmmpm
701 856 731 884 et
750 852 892 884 Rosam)
908 851 1009 883 fratre
1023 851 1095 894 ejus
1112 877 1118 882 .
1133 851 1310 883 WAmmm
1327 853 1366 884 de
1382 851 1526 884 SAssvm.

278 921 351 955 Seal
367 923 447 954 dark
463 934 543 961 wax,
562 934 581 953 a
597 922 738 964 lozeuge,
757 921 822 962 {in
841 932 968 963 square,
986 919 1065 952 with
1083 931 1102 952 a
1118 923 1184 952 sort
1200 920 1234 952 of
1255 921 1456 953 fleur-de-lis.
1516 920 1570 953 No
1587 922 1715 965 legend.

277 992 481 1024 Entitled——‘
497 992 596 1024 Carta
614 991 746 1024 Ricardi
763 991 802 1023 de
819 991 986 1024 Dunestor
1004 989 1043 1022 de
1059 989 1228 1033 Burgagio
1247 1002 1303 1022 suo
1320 991 1353 1022 in
1370 989 1460 1023 Villa
1477 991 1517 1023 de
1532 990 1665 1024 Kenef.'

886 1146 1063 1181 OOGLVI.

232 1229 599 1264 CONFIRMATION
629 1229 694 1262 BY
721 1228 906 1268 HENRY,
935 1228 1110 1261 BISHOP
1139 1228 1198 1261 OF
1230 1229 1500 1269 LLANDAFF,
1529 1229 1588 1262 OF
1615 1230 1716 1263 THE

344 1298 502 1332 LANDS
528 1298 587 1331 OF
612 1298 918 1331 HAUDHALOO
942 1298 1044 1331 AND
1071 1298 1350 1337 ROSSAULIN,
1374 1298 1474 1331 THE
1499 1298 1716 1332 OHAPELS

346 1369 405 1402 OF
450 1368 756 1400 HAUDHALOC
794 1368 896 1400 AND
936 1367 1216 1407 ROSSAULIN,
1256 1367 1366 1403 ETO„
1405 1367 1463 1400 TO
1502 1368 1713 1402 MARGAM

343 1438 516 1471 ABBEY.

785 1519 957 1560 [MARGAM
981 1517 1173 1560 Cannam]
1412 1519 1551 1551 Bru-“oms
1578 1520 1670 1552 1218.

283 1603 521 1635 CONFIRMACIO
544 1612 666 1634 DOMINI
693 1600 848 1633 HENRICI
874 1600 1119 1634 LANDAVENSIS
1143 1612 1291 1633 EPISCOPI
1317 1613 1359 1633 DE
1384 1600 1604 1633 HAUDHALOG
1628 1612 1669 1633 ΕΤ

622 1670 814 1702 ROSSAULlN
842 1695 848 1702 .
875 1681 914 1701 ET
938 1681 982 1702 DE
1007 1681 1164 1702 CAPELLIS
1190 1681 1318 1702 EARUM.

281 1754 462 1787 HENRICUS
477 1753 538 1785 Dei
552 1753 657 1795 gratia
670 1752 911 1783 LANDAVENSIS
924 1752 1090 1794 episeopus
1103 1778 1109 1783 .
1123 1751 1372 1784 archidiaconis.
1387 1751 1515 1783 decanis
1531 1777 1535 1782 .
1551 1752 1694 1794 personis
1708 1778 1713 1783 .

238 1824 363 1857 vicam'is
387 1822 536 1855 omnibus
560 1825 626 1854 tam
650 1822 772 1854 clericis
795 1833 893 1864 quam
915 1821 1005 1854 laicis
1028 1821 1062 1853 in
1087 1833 1144 1853 sua
1171 1820 1287 1852 diocesi
1314 1820 1496 1853 constitutis
1523 1821 1660 1853 salutem
1683 1824 1716 1852 et

236 1893 502 1926 benedictionem.

281 1961 498 1994 Universitati
523 1963 626 1992 vestre
650 1963 763 1992 notum
788 1960 923 1992 facimus
947 1959 1032 2002 quod
1056 1971 1116 1990 nos
1139 1959 1248 1991 divine
1273 1958 1395 1990 intuitu
1419 1959 1571 2000 pietatis.
1590 1959 1660 2001 paci
1684 1962 1716 1990 et

237 2033 338 2075 quieti
354 2031 583 2063 monachorum
600 2031 640 2062 de
656 2030 810 2062 Minoum
833 2030 1018 2062 infuturum
1041 2029 1268 2072 prospicientes
1286 2054 1292 2060 .
1311 2028 1536 2060 confirmamus
1555 2040 1599 2060 eo.
1617 2028 1648 2060 S.
1667 2028 1713 2060 M.

238 2103 277 2134 dc
299 2101 453 2133 MARGAN
476 2103 508 2132 et
531 2112 570 2131 ni.
589 2101 608 2131 i.
628 2099 668 2131 D.
688 2112 709 2131 s.
728 2102 847 2131 terram
863 2099 903 2131 de
919 2098 1140 2130 HAUDHALOC
1162 2109 1234 2130 cum
1257 2096 1405 2129 omnibus
1426 2097 1632 2139 pertinenciis
1653 2098 1717 2129 suis

237 2171 319 2203 sicut
335 2172 420 2202 carte
436 2169 629 2201 donatorum
646 2172 813 2200 testantur.
862 2167 907 2199 Et
924 2170 1041 2199 terram
1059 2168 1099 2198 de
1116 2166 1307 2198 Rossmm
1331 2177 1403 2197 cum
1426 2166 1574 2197 omnibus
1595 2166 1716 2208 pertin-

236 2240 334 2272 enciis
359 2239 424 2271 suis
444 2250 466 2270 s.
486 2250 510 2270 c.
530 2239 559 2269 d.
578 2242 600 2269 t.
660 2237 704 2269 Et
728 2237 883 2279 mapellmn
906 2237 945 2268 ‹le
969 2236 1188 2268 HAUDHALOC
1214 2248 1238 2267 c.
1258 2247 1286 2266 ι).
1305 2246 1333 2276 1).
1352 2246 1375 2266 s.
1435 2234 1477 2266 Et
1501 2235 1656 2276 capellam
1677 2235 1717 2267 de
