1998 2724
357 166 421 198 448

312 325 352 357 de
367 325 427 358 hoc
442 326 529 368 quod
544 325 708 358 residuum
725 325 785 357 erit
801 325 936 368 pecunie
953 335 1050 367 quam
1073 325 1179 367 accepi
1209 351 1214 356 .
1243 325 1419 357 seeundum
1444 336 1603 357 annorum
1628 327 1791 368 eomputa-

311 393 433 426 tionem
448 394 644 427 satisfaciam
661 394 825 426 monachis
841 396 873 426 et
888 396 1007 426 terram
1023 394 1063 426 de
1085 393 1234 426 omnibus
1255 394 1394 426 serviciis
1417 393 1611 436 adquietabo
1636 394 1793 436 quamdiu

310 463 410 496 fuerit
426 463 459 495 in
477 463 626 496 manibus
638 463 868 495 monachorum
884 465 916 495 et
931 463 989 495 hec
1006 463 1114 495 omnia
1128 475 1179 495 me
1196 463 1333 495 fideliter
1348 463 1592 495 observaturum
1607 463 1793 506 juramento

309 532 436 564 firmavi
451 557 459 564 .
477 535 510 565 et
524 532 584 564 hoo
600 533 731 575 insuper
746 533 870 575 plegios
886 532 962 564 dedi
986 559 991 564 .
1020 532 1200 565 Dominum
1212 544 1320 565 meum
1331 532 1538 564 MORGANUM
1553 558 1559 564 .
1574 532 1746 564 ROGERUM
1760 534 1792 565 et

310 601 513 634 GmFmNnM
532 628 538 633 .
557 601 673 634 fratres
696 613 805 634 meos.
826 601 960 634 ITHELL
983 601 1087 634 filium
1114 601 1277 634 SANSONIS
1304 628 1309 634 .
1337 604 1369 634 et
1392 601 1570 634 GUGANUM
1594 602 1791 634 avunculum

308 681 426 702 meum.
474 671 552 702 Hiis
567 670 712 703 testibus.

350 739 502 771 Entitled
511 742 556 762 —‘
571 739 668 772 Carta
685 739 821 772 Roberti
839 739 940 772 Wian
957 740 997 772 de
1012 741 1121 772 decem
1137 739 1239 772 aeris)

949 910 1152 944 CCOGLVI.

304 992 468 1025 GRANT
507 993 572 1025 BY
611 993 803 1025 ROBERT
834 993 937 1025 AND
977 992 1137 1025 ROGER
1168 992 1303 1026 W1AN
1335 993 1395 1025 OF
1426 992 1521 1025 TEN
1552 992 1703 1026 AORES
1734 992 1789 1025 IN

458 1062 557 1094 THE
589 1062 681 1094 FER
714 1063 773 1094 OF
806 1062 1099 1095 NEWOASTLE
1131 1062 1188 1095 To
1220 1062 1430 1095 MARGAM
1460 1062 1633 1094 ABBEY.

853 1144 1027 1188 [MARGAM
1051 1144 1245 1187 CHARTER]

347 1226 518 1258 Universis
541 1226 658 1259 Sancte
681 1238 706 1259 e.
726 1227 749 1259 f.
767 1239 797 1269 p.
816 1229 848 1259 et
872 1227 992 1259 futuris
1009 1253 1014 1258 .
1034 1227 1216 1259 Rommus
1235 1227 1320 1258 filius
1336 1226 1444 1259 WIAN
1469 1227 1615 1258 salutem.
1662 1225 1789 1258 Notum

302 1296 344 1327 sit
359 1296 563 1328 universitati
579 1299 682 1328 vestre
698 1308 755 1328 nos
771 1308 827 1338 per
843 1297 1012 1328 eonsilium
1031 1298 1063 1328 et
1081 1308 1244 1328 assensum
1267 1296 1390 1328 domini
1413 1296 1513 1328 nostri
1537 1295 1705 1327 Momm]
1730 1296 1789 1328 filii

304 1364 452 1397 GRADOCI
477 1367 509 1397 et
532 1365 671 1397 fratrum
695 1377 839 1397 meorum
857 1392 863 1397 .
882 1365 1018 1398 Rocfflm
1036 1391 1042 1397 .
1061 1365 1179 1397 seilicet
1199 1391 1205 1397 .
1227 1367 1259 1397 et
1281 1365 1418 1397 aliorum
1441 1368 1613 1407 parentum
1636 1365 1733 1396 etiam
1757 1367 1789 1397 et

302 1434 477 1466 amicorum
501 1434 625 1466 dedisse
648 1435 719 1467 Deo
743 1437 775 1466 et
797 1434 890 1467 beate
914 1434 1035 1466 MAROE
1060 1436 1091 1466 et
1113 1433 1277 1466 monachis
1300 1434 1339 1465 de
1362 1433 1519 1465 MARGAN
1543 1445 1575 1465 x.
1596 1445 1683 1465 aeras
1705 1436 1789 1466 terre

303 1504 343 1535 de
367 1503 461 1535 feodo
485 1503 578 1535 Novi
604 1504 768 1536 CASTELLI
787 1530 793 1535 .
811 1504 851 1536 de
874 1506 959 1536 terra
982 1514 1053 1535 mea
1076 1514 1173 1545 quam
1196 1503 1345 1535 dominus
1367 1514 1457 1535 meus
1480 1503 1676 1535 MORGANUS
1699 1503 1789 1535 dedit

303 1572 384 1604 mihi
411 1572 531 1604 ibidem
557 1598 563 1604 .
591 1584 648 1614 pro
674 1584 743 1605 meo
772 1573 900 1605 servitio
927 1599 933 1604 .
964 1584 1025 1615 que
1056 1573 1173 1604 scilicet
1201 1584 1270 1604 aere
1296 1572 1417 1604 habent
1444 1573 1485 1603 ad
1512 1572 1667 1604 orientem
1695 1572 1788 1604 illum

303 1642 408 1673 locum
438 1641 599 1673 inclusum
630 1642 749 1674 fossato
774 1668 780 1674 .
807 1642 862 1684 qni
894 1645 1024 1675 vocatur
1055 1642 1228 1684 gardinum
1255 1641 1388 1674 Swmm
1414 1667 1420 1673 .
1446 1644 1477 1673 et
1499 1642 1640 1673 tendunt
1662 1652 1788 1673 sursum

303 1721 412 1742 versus
427 1712 571 1742 montem
589 1737 594 1743 .
613 1712 654 1742 ad
671 1711 867 1743 occidentem
885 1737 891 1744 .
910 1714 942 1743 et
960 1723 978 1743 a
997 1711 1239 1753 septentrionali
1258 1713 1348 1753 parte
1369 1710 1506 1742 divisam
1527 1710 1647 1742 habent
1667 1712 1787 1743 terram

304 1779 460 1812 Samum
480 1806 485 1811 .
504 1782 536 1811 et
559 1779 600 1812 ab
623 1780 755 1812 australi
777 1807 782 1812 .
808 1791 913 1812 meam
936 1782 1055 1812 terram
1073 1806 1078 1811 .
1097 1780 1236 1822 reliquas
1258 1791 1290 1811 x.
1308 1791 1404 1811 aeras.
1452 1779 1525 1811 Has
1547 1790 1578 1811 x.
1596 1790 1684 1811 assms
1705 1779 1787 1811 sieut

302 1848 411 1891 jacent
430 1860 556 1881 sursum
578 1852 609 1881 et
631 1850 779 1882 deorsum
798 1850 832 1881 in
855 1850 990 1892 longum
1013 1876 1018 1881 .
1042 1850 1083 1881 ad
1105 1849 1260 1881 orientem
1282 1851 1312 1880 et
1333 1849 1528 1880 oecidentem
1546 1875 1552 1880 .
1571 1850 1603 1881 ets
1625 1849 1659 1880 in
1682 1849 1786 1881 latum

305 1918 345 1949 ad
367 1917 550 1960 aquilonem
572 1920 604 1949 et
625 1919 797 1950 australem
825 1945 830 1950 .
859 1919 1009 1961 predictis
1030 1918 1193 1951 monachis
1212 1918 1285 1950 dedi
1304 1918 1339 1949 in
1358 1920 1549 1960 perpetumn
1570 1943 1576 1950 .
1599 1917 1633 1949 in
1652 1917 1786 1950 liberam

305 1989 337 2018 et
366 1990 554 2029 perpetuam
586 1991 618 2019 et
648 2000 762 2030 pinum
794 1988 999 2020 elemosinam
1039 2014 1045 2020 .
1081 1988 1209 2030 quietas
1239 1987 1280 2019 ab
1311 1987 1398 2019 omni
1433 1987 1560 2019 servitio
1591 1990 1623 2018 ot
1653 1987 1786 2018 seculari

304 2056 468 2087 exavtione
486 2082 492 2088 .
512 2056 655 2089 l'a(·tu1¹us
678 2057 847 2089 servicium
866 2058 906 2089 de
926 2057 1049 2099 reliqua
1068 2059 1152 2089 terra
1172 2068 1244 2088 mea
1266 2083 1271 2088 .
1296 2056 1322 2088 si
1343 2056 1465 2098 aliquid
1486 2056 1561 2087 inde
1576 2055 1659 2087 forte
1678 2056 1786 2098 aliquo

303 2127 445 2167 tempore
473 2125 571 2157 fuerit
598 2126 797 2168 requisitum.
846 2126 892 2159 Et
918 2126 1001 2158 hano
1031 2126 1237 2158 donationem
1268 2125 1329 2157 feei
1359 2136 1416 2167 pro
1447 2125 1549 2157 salute
1579 2125 1686 2156 animo
1716 2136 1785 2156 mee

303 2196 334 2225 et
356 2196 591 2226 antecessorum
612 2206 755 2227 meorum
777 2196 877 2237 patris
899 2198 931 2227 et
946 2195 1058 2228 matris
1075 2198 1106 2228 et
1122 2206 1335 2227 suecessorum
1351 2196 1382 2226 et
1398 2193 1519 2225 domini
1535 2193 1599 2225 mei
1616 2193 1783 2226 MORGANI

303 2262 357 2304 qui
379 2263 469 2294 illam
491 2265 609 2295 terram
630 2264 728 2296 miehi
751 2265 848 2296 dedit.
896 2264 942 2296 Et
963 2265 1039 2307 quia
1059 2265 1203 2307 sigillum
1227 2275 1291 2296 non
1311 2262 1410 2295 habui
1428 2289 1434 2294 .
1452 2262 1559 2305 sigillo
1580 2262 1703 2294 domini
1721 2261 1784 2293 mei
