1998 2724
1558 187 1620 219 595

184 347 288 379 aiones
312 346 458 389 ejusdem
485 346 599 378 domus
626 345 851 377 custodiendas
875 349 907 378 et
932 346 1151 378 defendendas
1174 345 1255 377 sieut
1282 355 1332 377 res
1355 355 1442 376 meas
1466 345 1611 387 proprias
1634 348 1666 377 et

184 427 249 448 non
276 415 441 448 sustinebo
468 416 554 457 quod
580 416 697 458 aliquis
727 416 896 448 hominum
922 426 1066 447 meorum
1097 414 1147 446 vel
1175 414 1312 446 aliorum
1340 415 1395 457 qui
1423 415 1457 446 in
1483 418 1568 446 terra
1595 425 1667 446 mea

181 496 310 517 manere
328 511 334 516 .
352 485 402 516 vel
425 485 467 516 ad
483 496 554 517 eam
577 485 741 517 redditum
765 485 882 517 habere
906 484 1042 517 voluerit
1061 484 1202 526 predicte
1225 484 1336 516 domui
1361 484 1542 516 molestiam
1567 484 1664 515 faeiat

186 553 341 596 injuriam
359 553 408 585 vel
425 565 609 596 gravamen.
652 554 702 586 *Et
719 554 746 586 si
762 554 933 596 eontigerit
950 553 1075 596 aliquas
1091 565 1139 585 res
1155 553 1301 595 ejusdem
1318 553 1432 585 domus
1447 579 1453 584 .
1467 553 1519 585 vel
1534 553 1667 595 predam

183 622 218 654 in
242 625 361 654 terram
387 633 491 654 meam
517 623 666 655 devenire
690 648 695 654 .
720 634 781 665 ego
809 622 998 664 compellam
1024 622 1109 664 ipsos
1134 622 1357 654 malefactores
1385 633 1494 654 omnes
1522 633 1570 654 res
1596 633 1670 653 suas

183 690 352 723 restituere
385 717 390 722 .
424 691 504 723 510111
533 692 695 724 voluerint
725 703 836 734 paoem
868 704 973 724 meam
1005 691 1130 723 habere.
1190 691 1236 723 Et
1266 692 1291 722 si
1323 691 1496 733 eontigerit
1527 691 1669 733 aliquem

187 759 353 792 hominem
377 771 522 792 meorum
545 760 661 793 habere
687 761 851 803 querelam
875 772 951 803 erga
976 760 1135 803 prefatam
1160 761 1291 792 domum
1315 787 1319 791 .
1340 771 1403 791 non
1428 760 1616 802 permittam
1639 761 1668 791 ei

185 832 315 871 propter
330 829 389 861 hoo
405 830 473 862 fieri
489 830 631 872 aliquam
648 831 835 862 violentiam
854 857 858 862 .
878 834 934 862 aut
956 842 1131 873 gravamen
1150 856 1156 861 .
1174 834 1221 862 501
1237 830 1306 872 ipsa
1323 829 1452 872 querela
1469 841 1574 861 eoram
1590 841 1641 861 1110
1660 856 1665 861 .

188 898 276 941 justo
292 898 414 940 judicio
431 899 659 931 terminabitur
676 925 683 931 .
701 899 746 931 Et
763 911 823 942 ego
843 899 950 941 juravi
973 904 1003 932 et
1027 900 1155 931 affidavi
1175 911 1226 931 me
1242 899 1381 931 fideliter
1402 902 1433 931 et
1457 899 1575 941 absque
1598 899 1671 931 dolo

188 967 245 999 heo
261 969 370 1000 omnia
386 971 588 1000 servaturum
603 969 728 1010 prefate
745 969 855 1000 domui
872 968 905 1000 in
923 972 1114 1011 perpetuum
1133 995 1138 1000 .
1158 968 1235 1001 Hiis
1252 968 1395 1000 testibus.

235 1036 439 1068 Entitled—‘
453 1036 549 1069 Carta
565 1037 643 1069 Resi
660 1038 719 1069 filii
737 1037 888 1070 Griffini?

856 1201 1004 1234 DLXX.

190 1282 355 1315 GRANT
394 1283 459 1315 BY
498 1283 770 1316 RUATHLAN
809 1284 912 1316 AND
951 1284 1190 1323 ENNIAUN,
1230 1283 1343 1316 SONS
1382 1284 1441 1316 OF
1480 1284 1672 1317 ROBERT

299 1351 387 1384 SON
427 1352 486 1384 OF
517 1352 756 1392 ENNIAUN,
790 1353 849 1385 OF
880 1353 975 1385 ALL
1006 1353 1106 1385 THE
1138 1353 1271 1385 LAND
1304 1353 1363 1385 OF
1402 1353 1671 1390 ROSSAULIN

298 1420 356 1452 ΤΟ
388 1420 600 1454 MARGAM
631 1421 804 1454 ABBEY.

729 1503 905 1546 [MARGAM
937 1503 1130 1546 CHARTER]

266 1584 381 1616 CARTA
414 1583 610 1616 Renum
643 1595 683 1616 ET
713 1584 883 1617 ENNIAUN
916 1596 1081 1617 mmmmm
1115 1585 1269 1616 Romarm
1303 1596 1386 1617 FILII
1419 1585 1586 1619 ENNIAUN

789 1665 834 1686 DE
866 1654 1069 1687 Rossmxim.

230 1721 390 1755 Omnibus
412 1733 435 1754 s.
455 1734 498 1754 00.
516 1723 539 1754 f.
557 1735 587 1765 p.
607 1727 639 1755 et
654 1723 677 1755 s.
697 1723 894 1756 RUATHLAN
917 1727 948 1755 et
971 1723 1139 1756 ENNJAUN
1162 1724 1221 1755 filii
1242 1724 1395 1756 Rossmm
1418 1725 1477 1756 filii
1499 1725 1666 1758 ENNIAUN

189 1792 334 1824 salutem.

228 1860 344 1893 Sciatis
368 1871 426 1892 nos
452 1861 638 1893 concessisse
660 1865 692 1893 et
711 1862 835 1894 dedisse
856 1866 888 1894 et
912 1862 970 1893 hae
990 1865 1076 1893 carta
1098 1862 1299 1894 confirmasse
1321 1862 1364 1894 D.
1390 1867 1421 1894 et
1443 1874 1486 1895 00.
1512 1862 1544 1894 S.
1562 1863 1609 1895 M.
1628 1864 1668 1896 de

188 1929 343 1960 MARGAN
368 1954 374 1960 .
398 1932 428 1960 et
453 1939 494 1960 m.
519 1929 574 1970 qui
597 1929 617 1960 i.
644 1929 686 1961 D.
708 1940 731 1961 s.
755 1930 790 1961 in
814 1930 1021 1962 elemosinam
1044 1932 1146 1962 totam
1170 1934 1288 1962 terram
1312 1931 1351 1962 de
1376 1930 1567 1962 RossmLm
1593 1943 1665 1963 oum

186 1997 335 2030 omnibus
354 1997 561 2039 pertinenciis
582 1998 647 2029 suis
670 1998 704 2030 in
725 1998 818 2030 bosco
841 2003 872 2030 et
893 1999 990 2041 plano
1014 1999 1048 2030 in
1072 1999 1172 2041 pratis
1194 2002 1226 2031 et
1246 1999 1386 2041 pasturis
1407 2003 1439 2032 et
1460 2000 1492 2031 in
1518 1999 1668 2032 omnibus

183 2067 256 2099 aliis
271 2066 471 2098 aisiamentis
487 2070 518 2098 et
534 2066 629 2098 rebus
645 2067 710 2099 suis
726 2068 767 2099 ad
786 2067 972 2100 habendum
989 2071 1021 2100 et
1038 2069 1213 2100 tenendum
1234 2068 1333 2100 libere
1349 2075 1379 2100 et
1398 2069 1504 2110 quiete
1521 2069 1560 2100 ab
1578 2069 1666 2100 omni

185 2135 316 2168 servicio
339 2138 371 2167 et
392 2135 624 2167 consuetudine
645 2138 676 2167 et
692 2136 860 2169 exaccione
882 2137 1015 2169 seculari
1037 2137 1120 2169 siout
1135 2137 1202 2169 ulla
1218 2137 1392 2169 elemosina
1408 2137 1539 2169 liberius
1555 2137 1666 2170 haberi

184 2208 217 2237 et
240 2207 343 2236 teneri
368 2207 482 2246 potest.
545 2203 590 2235 Et
614 2204 673 2236 1100
696 2207 801 2236 10111111
824 2205 1105 2237 warantizabimus
1128 2206 1173 2238 eis
1197 2209 1307 2238 eontra
1330 2217 1440 2238 omnes
1462 2206 1609 2238 hominos
1631 2206 1666 2238 in

184 2275 389 2315 perpetuum.
