1998 2724
1556 169 1618 198 411

188 333 228 364 de
239 331 445 365 WETHELEU
457 330 517 362 filii
527 329 629 361 YUoR
639 330 713 361 dedi
725 329 858 371 prefatis
867 328 1031 360 monachis
1042 328 1076 359 in
1087 331 1275 370 perpetuam
1285 326 1492 357 elemosinam
1501 325 1667 357 habendas

188 406 219 434 et
240 402 395 433 tenendas
416 399 514 432 libere
535 400 643 442 quiete
664 402 696 430 et
718 399 845 441 pacifice
865 398 984 440 absque
1006 397 1093 429 omni
1115 396 1248 428 seculari
1270 394 1499 427 consuetudine
1521 397 1552 426 et
1574 406 1665 426 exae-

189 472 278 503 tione
294 473 401 513 preter
412 469 578 501 servitium
590 469 713 500 domini
725 469 826 511 Regis
851 495 855 500 .
883 468 1010 500 Scilicet
1027 478 1081 499 11³.
1100 466 1225 498 solidos.
1272 464 1319 496 Et
1335 464 1499 496 sciendum
1510 464 1595 505 quod
1608 475 1668 505 ego

190 543 222 573 et
234 540 451 572 Rmnmmcu
465 540 565 571 frater
576 550 667 570 meus
679 542 709 570 et
724 538 954 581 oonsauguinei
967 537 1031 569 mei
1047 536 1227 579 juravimus
1237 547 1332 577 super
1348 534 1529 567 sanctuaria
1541 532 1669 566 ecclesie

188 611 273 653 quod
297 621 356 641 nos
378 612 409 640 et
431 609 562 641 heredes
587 609 687 640 nostri
712 608 795 640 hane
820 608 1027 639 donationem
1042 606 1194 649 predictis
1208 604 1374 636 monachis
1389 603 1671 635 warantizabimus

191 683 301 712 eontra
328 690 437 711 omnes
462 679 608 710 homines
634 681 698 709 tam
727 678 922 720 propinquos
949 687 1046 718 quam
1072 678 1241 707 extraneos
1269 674 1301 705 in
1328 676 1520 715 perpetuum
1546 698 1552 704 .
1590 672 1671 704 sicut

192 749 326 782 liberam
350 749 558 781 elemosinam
582 751 734 779 nostram.
782 746 897 789 Hujus
918 746 964 777 rei
991 745 1091 788 plegii
1108 746 1183 776 sunt
1201 743 1417 775 RETHERECH
1434 742 1534 774 frater
1548 753 1638 773 meus
1664 767 1669 772 .

193 818 305 850 REsos
328 819 420 850 Goon
446 844 450 849 .
478 818 612 849 GRAnoc
628 818 728 849 frater
745 816 815 859 ejus
830 842 835 847 .
850 816 1039 848 ALAITHUR
1056 840 1061 846 .
1081 814 1196 846 WRrN
1204 825 1223 845 U
1237 814 1277 845 ab
1295 813 1401 845 WxAN
1417 838 1421 843 .
1439 811 1620 844 WORUERD
1633 811 1673 843 ab

193 887 398 920 GISTELARD.
446 886 490 918 Et
514 887 680 918 sciendum
704 886 789 928 quod
814 886 942 927 quando
966 885 1027 916 feci
1051 885 1095 915 eis
1118 883 1201 914 hano
1225 882 1433 913 donationem
1452 907 1457 913 .
1475 881 1589 912 domus
1604 880 1674 922 ipsa

192 969 244 989 me
260 958 378 999 recepit
394 958 427 988 in
444 957 573 999 plenam
590 956 828 988 fraternitatem
846 981 852 986 .
871 958 901 986 et
920 954 1073 986 concessit
1089 953 1168 984 mihi
1192 954 1229 984 ut
1246 952 1502 994 quandocunque
1518 950 1675 982 voluerim

193 1026 313 1059 ibidem
330 1025 478 1058 habitum
495 1026 636 1057 conversi
654 1025 825 1067 suscipiam
843 1047 848 1052 -
867 1025 893 1056 si
909 1035 1018 1055 eorum
1035 1024 1111 1054 ordo
1134 1034 1183 1053 me
1207 1022 1346 1063 recipere
1363 1021 1481 1063 poterit
1499 1046 1503 1051 .
1522 1020 1556 1051 id
1580 1022 1627 1051 est
1650 1019 1677 1050 si

192 1107 258 1128 non
282 1096 449 1128 habuerim
470 1106 603 1127 uxorem
624 1095 674 1126 vel
695 1095 863 1126 nimietate
880 1093 1063 1125 debitorum
1080 1092 1197 1124 fuerim
1215 1090 1363 1122 astrictus
1381 1117 1386 1121 .
1406 1092 1456 1121 vel
1472 1089 1596 1130 aliquid
1612 1088 1678 1120 tale

194 1165 366 1208 contigerit
384 1190 389 1195 .
407 1176 465 1207 pro
481 1175 544 1206 quo
561 1176 626 1196 non
643 1164 762 1206 possim
777 1164 885 1205 recipi.

239 1234 314 1266 Seal
329 1235 363 1266 in
380 1235 436 1266 red
452 1245 533 1272 wax,
551 1234 684 1276 pointed
700 1234 782 1269 oval,
800 1233 886 1273 lffin.
905 1232 949 1273 by
969 1231 1065 1274 lssin„
1083 1242 1101 1262 a
1114 1235 1177 1262 sort
1195 1231 1228 1261 of
1253 1228 1477 1271 spear-bladed
1498 1227 1567 1269 lily.

698 1307 744 1337 '4-
766 1300 895 1333 SIGILL'
915 1326 920 1331 .
940 1310 1041 1331 GILLE
1060 1326 1065 1330 .
1084 1298 1174 1330 sms!

241 1370 465 1403 Endorsed—-⁵
479 1370 566 1403 Grille
582 1370 651 1402 Seis
667 1371 706 1402 de
722 1381 839 1402 xme.
858 1369 961 1401 acris.’

574 1439 698 1479 (Bir0h‚
715 1440 801 1470 Hz'st.
820 1444 856 1477 qs
869 1440 1015 1478 ,Har-(sam
1031 1438 1148 1476 Abbey,
1165 1448 1195 1478 p.
1216 1436 1302 1476 167.)

824 1582 1056 1617 COGOXXII.

200 1660 363 1694 ROYAL
408 1661 536 1694 WRIT
583 1661 640 1693 TO
688 1660 787 1693 THE
833 1658 1067 1692 BAILIFF’S
1113 1657 1172 1689 OF
1211 1655 1547 1689 OARMARTHEN
1586 1654 1680 1687 FOR

309 1723 407 1756 THE
432 1723 754 1756 RESTITUTION
780 1723 839 1755 OF
863 1721 1094 1755 SWANSEY
1127 1719 1303 1752 OASTLE
1336 1718 1393 1750 TO
1427 1717 1678 1750 REGINALD

307 1786 372 1818 DE
409 1786 602 1819 BRAOSE.

451 1849 597 1892 [ROTUL.
617 1849 691 1881 Lir.
709 1849 829 1881 Omns.
878 1850 896 1880 7
915 1848 1010 1880 ΗΒΝ.
1028 1846 1109 1885 III„
1126 1846 1209 1878 VoL.
1225 1845 1264 1879 I..
1282 1857 1311 1887 p.
1331 1843 1422 1887 564]

1068 1918 1110 1948 24
1127 1916 1223 1948 SEPT.
1271 1916 1289 1945 7
1308 1914 1402 1946 Hm.
1422 1912 1488 1945 HI.
1539 1913 1631 1944 1223.

243 1969 315 2001 Rex
332 1969 471 2001 baillivis
486 1970 526 2000 de
543 1968 784 2000 KAERMERDIN
801 1969 948 2000 salutem.

242 2038 438 2070 Mandamus
454 2037 543 2070 vobis
560 2039 645 2080 quod
661 2038 759 2070 talem
782 2038 934 2069 saisinam
961 2036 1078 2068 habere
1103 2035 1229 2067 faciatis
1255 2034 1371 2066 dilecto
1399 2037 1428 2065 et
1455 2033 1544 2065 fideli
1570 2035 1679 2065 nostro

202 2107 408 2139 REGINALDO
430 2108 469 2139 de
493 2107 616 2139 BRAos’
634 2108 674 2139 de
691 2110 793 2139 castro
810 2108 850 2138 de
866 2106 1034 2139 SWEINEs'
1052 2117 1124 2137 cum
1140 2103 1344 2147 pertinentiis
1368 2102 1432 2134 suis
1456 2102 1585 2144 qualem
1603 2101 1680 2133 inde

201 2176 317 2208 habuit
332 2176 383 2207 die
400 2187 463 2217 quo
479 2176 565 2207 idem
583 2176 809 2208 REGINALDUS
825 2176 914 2207 venit
930 2176 971 2206 ad
987 2185 1098 2216 pacem
1115 2176 1147 2206 et
1162 2172 1331 2205 servicium
1347 2174 1502 2203 nostrum.

243 2244 338 2276 Teste
354 2244 401 2276 H.
419 2247 478 2276 ete.
496 2245 583 2286 apud
599 2244 860 2276 HEREFORDIAM
879 2270 884 2275 .
903 2255 1020 2276 xme.
1038 2243 1090 2275 die
1107 2242 1312 2284 Septembris.

243 2312 466 2345 Endorsed—‘
480 2313 531 2345 De
547 2313 664 2345 saisina
679 2314 719 2346 de
735 2316 838 2346 castro
853 2314 894 2345 de
910 2313 1072 2345 Sweines!
