1998 2724
367 172 429 203 676

319 328 366 360 Μ.
406 328 493 360 infra
533 329 650 361 limites
688 327 835 370 parochie
874 329 1040 370 prenotate
1085 353 1090 359 .
1138 330 1213 360 ante
1251 328 1350 371 hujus
1388 328 1602 361 eomencionis
1640 329 1793 372 composi-

318 398 441 430 cionem
487 409 543 430 seu
587 397 683 440 hujus
728 397 838 440 scripti
883 397 1127 429 confeccionem.
1179 397 1234 429 Ad
1279 397 1399 430 dictam
1443 400 1552 430 autem
1597 397 1791 432 solucionem

318 467 383 499 suis
419 467 566 499 terminis
609 470 641 499 et
679 467 756 499 locis
800 467 1022 510 suprascriptis
1067 466 1249 499 faciendam
1286 467 1364 499 dicti
1401 467 1543 510 religiosi
1589 468 1629 500 de
1674 467 1720 500 M.
1760 479 1793 501 se

316 535 503 579 obligarunt
537 536 595 569 sub
628 548 711 579 pena
741 537 850 568 decem
880 536 1036 569 librarum
1067 536 1160 568 dictis
1189 536 1347 579 religiosis
1377 537 1416 569 de
1454 535 1491 568 T.
1525 537 1751 570 solvendarum
1783 564 1790 569 .

317 607 467 649 quociens
497 608 582 650 ipsos
613 608 646 639 in
685 607 827 649 predicta
865 606 1026 638 solucione
1056 616 1175 637 cessare
1213 605 1392 648 contigerit.
1455 605 1542 638 Rata
1579 606 1792 639 nihilominus

314 680 466 709 manente
496 677 667 719 principali
705 676 914 719 obligacione.
962 674 1162 707 subicientes
1193 685 1225 706 se
1263 674 1483 717 jurisdiccioni
1514 678 1546 707 et
1580 675 1791 718 compulsioni

312 747 539 789 archiepiscopi
567 746 842 778 CANTUAROENsm
867 745 922 788 qui
949 755 1006 787 pro
1030 746 1173 787 tempore
1197 744 1304 776 fuerit.
1352 743 1489 777 Necnon
1515 744 1735 786 jurisdiccioni
1757 746 1789 777 et

311 815 489 848 cohercioni
528 815 667 858 episcopi
697 814 967 848 WYGORNIENSIS
1008 813 1064 856 qui
1093 824 1151 856 pro
1181 815 1324 855 tempore
1354 813 1454 845 fuerit
1485 825 1541 845 seu
1571 813 1703 845 alterius
1738 813 1789 845 vel

309 885 476 926 utriusque
500 895 611 916 eorum
639 910 644 915 .
670 884 753 916 vices
776 894 887 915 eorum
911 883 1037 925 gerenti
1061 882 1111 914 vel
1138 882 1325 925 gerentibus
1348 883 1420 914 sede
1449 882 1499 914 vel
1523 881 1652 914 sedibus
1679 894 1789 915 eorum

308 956 442 985 vacante
458 954 508 985 vel
525 952 712 985 vacantibus
730 978 736 984 .
754 955 792 984 ut
808 953 990 995 quicunque
1006 962 1118 984 eorum
1140 951 1239 983 fuerit
1255 951 1481 994 interpellatus
1496 963 1554 994 per
1569 951 1733 994 religiosos
1749 952 1788 984 de

308 1022 345 1055 T.
372 1023 527 1055 eleccione
554 1022 688 1054 minime
713 1021 937 1064 prejudicante
962 1021 1062 1063 possit
1085 1021 1186 1053 dictos
1217 1021 1382 1063 religiosos
1404 1021 1444 1052 de
1470 1020 1516 1052 M.
1542 1032 1598 1063 per
1621 1020 1787 1063 quodlibet

306 1103 409 1135 genus
425 1103 506 1135 pene
529 1091 738 1123 ecclesiastice
753 1092 795 1123 ad
811 1090 1007 1122 solucionem
1030 1090 1155 1133 prefate
1172 1090 1304 1132 pecunie
1326 1092 1358 1122 et
1374 1090 1474 1122 eciam
1490 1090 1633 1132 predicte
1655 1101 1738 1133 pene
1761 1090 1788 1122 si

305 1162 472 1194 commissa
494 1161 595 1193 fuerit
610 1161 793 1193 faciendam
810 1186 816 1192 .
835 1160 985 1202 quociens
1008 1159 1131 1192 fuerint
1146 1159 1293 1202 requisiti
1309 1170 1327 1191 a
1350 1159 1444 1191 dictis
1459 1159 1618 1202 religiosis
1634 1160 1674 1191 de
1690 1159 1727 1192 T.
1746 1159 1786 1191 de

306 1232 403 1274 plano
419 1235 451 1263 et
467 1231 534 1263 sine
556 1230 693 1273 strepitu
711 1230 858 1272 judiciali
882 1230 1071 1272 compellere
1095 1229 1157 1261 nisi
1179 1229 1322 1261 litteram
1338 1228 1390 1261 vel
1413 1228 1538 1260 talliam
1563 1229 1602 1261 de
1624 1228 1787 1260 solucione

304 1301 365 1333 ista
388 1301 475 1332 facta
498 1300 665 1332 evidenter
687 1300 810 1342 possint
833 1300 944 1331 docere
970 1325 976 1330 .
1002 1298 1108 1331 Dictis
1130 1298 1287 1341 religiosis
1310 1298 1349 1330 de
1373 1297 1418 1329 M.
1444 1297 1532 1330 omni
1555 1297 1725 1340 privilegio
1755 1299 1788 1330 et

304 1369 505 1412 exempcioni
530 1380 549 1401 a
575 1370 648 1401 sede
673 1369 846 1411 apostolica
869 1368 914 1400 eis
937 1367 1074 1400 indultis
1096 1378 1152 1400 seu
1176 1367 1385 1410 indulgeudis
1410 1394 1415 1398 .
1442 1378 1504 1410 quo
1528 1368 1570 1399 ad
1592 1367 1779 1409 permissam

301 1439 496 1471 solucionem
512 1441 544 1471 et
560 1449 676 1480 penam
692 1438 718 1470 si
737 1438 957 1470 committatur
979 1437 1107 1480 penitus
1129 1436 1402 1469 renunciantibus.
1449 1436 1492 1468 In
1516 1436 1606 1478 cujus
1621 1436 1668 1469 rei
1690 1436 1781 1469 testi-

301 1509 446 1540 monium
484 1508 613 1550 utrique
650 1508 734 1550 parti
772 1507 871 1550 hujus
909 1507 1019 1549 scripti
1049 1507 1091 1539 ad
1128 1507 1260 1538 modum
1290 1505 1471 1548 cirographi
1502 1505 1641 1538 confecti
1678 1507 1784 1548 partes

303 1578 525 1620 prenominate
552 1578 645 1619 signa
672 1588 730 1609 sua
757 1577 942 1609 alternatim
973 1578 1190 1618 apposuerunt
1218 1601 1224 1607 .
1254 1586 1319 1607 una
1344 1586 1417 1607 cum
1447 1574 1649 1617 apposicione
1681 1574 1781 1617 sigilli

304 1647 426 1679 domini
465 1646 634 1679 GILBERTl
668 1647 708 1678 de
746 1646 861 1678 CLARE
900 1645 1024 1678 comitis
1064 1645 1296 1677 GLOUCESTRIE
1327 1647 1358 1676 et
1389 1643 1623 1676 HERTFORDOE
1654 1643 1783 1686 patroni

303 1717 457 1748 domuum
481 1716 697 1758 predictarum
715 1741 720 1747 .
739 1716 780 1747 ad
795 1718 903 1747 utram
919 1717 1043 1757 partem
1059 1714 1169 1756 scripti
1186 1713 1367 1746 memorati.

347 1785 471 1817 Datum
488 1786 575 1827 apud
591 1784 890 1817 THEOKESBURIAM
907 1786 1021 1826 quarto
1038 1783 1191 1815 kalendas
1207 1782 1289 1815 Maii
1307 1809 1312 1814 .
1331 1794 1416 1814 auno
1432 1781 1570 1814 Domini
1586 1781 1756 1813 millesimo
1777 1807 1783 1813 .

305 1855 522 1887 ducentesimo
540 1881 545 1886 .
564 1854 762 1896 sexagesimo
782 1880 788 1885 .
807 1853 931 1896 quintO.

350 1924 454 1956 Three
471 1924 559 1962 seals,
578 1924 610 1954 in
627 1934 725 1965 green
742 1934 822 1954 wax.

353 1995 379 2025 l.
429 1992 656 2034 Tewkesbmy,
696 1992 791 2024 much
831 1992 977 2035 chipped,
1009 1991 1067 2024 but
1098 1991 1198 2034 finely
1225 1991 1388 2029 executed,
1417 1989 1549 2032 pointed
1579 1989 1661 2028 oval,
1687 1988 1786 2021 about

307 2063 394 2104 Zssin.
411 2062 455 2104 by
475 2062 560 2103 igin.
608 2061 636 2093 F
639 2062 685 2093 ull
709 2061 821 2104 length
846 2062 948 2104 figure
972 2061 1006 2093 of
1028 2061 1083 2093 the
1100 2060 1220 2101 Abbot,
1236 2060 1343 2099 robed,
1361 2059 1450 2102 right
1472 2058 1560 2090 hand
1583 2058 1727 2091 elcvated
1751 2057 1786 2089 in

306 2132 458 2174 blessing,
486 2131 540 2163 the
565 2131 625 2163 left
653 2143 693 2162 011
724 2131 773 2162 liis
797 2131 910 2163 breast.
959 2130 1029 2163 The
1054 2131 1182 2173 ground
1208 2130 1235 2162 is
1261 2128 1463 2172 replenished
1488 2127 1567 2160 with
1597 2126 1725 2169 triplets
1752 2125 1787 2159 of

308 2202 429 2244 pellcts,
447 2213 487 2233 on
504 2200 559 2232 the
576 2212 690 2243 proper
705 2200 793 2243 right
810 2211 829 2232 a
844 2212 936 2239 cross,
953 2212 995 2232 on
1011 2200 1066 2233 the
1082 2200 1142 2232 left
1157 2211 1176 2231 a
1192 2202 1266 2232 star.

352 2270 488 2313 Legend
504 2280 596 2312 gone.
648 2269 730 2311 (The
747 2269 857 2302 Abbot
874 2269 908 2302 of
924 2269 1166 2311 Tewkesbury.)
