1998 2724
376 151 439 182 442

972 305 1184 339 CCCCLIII.

330 384 494 418 GRANT
522 383 587 416 BY
612 383 787 416 HENRY
813 382 878 414 DE
903 382 1274 422 UMFRAMVILLE,
1300 383 1323 415 J
1326 382 1490 423 UNIOR,
1516 383 1574 416 ΤΟ
1603 383 1814 418 MARGAM

441 447 605 480 ABBEY
643 446 702 478 OF
742 445 841 478 THE
882 445 1060 478 WHOLE
1097 445 1230 478 LAND
1263 447 1321 479 OF
1360 448 1687 489 BRADINGTON,
1720 450 1813 483 FOR

440 511 473 543 A
504 509 634 542 RENT
658 509 718 541 OF
755 510 822 540 235.
855 509 921 545 412..
949 507 1028 540 E‘rc.

868 577 1040 618 [MARGAM
1073 578 1269 622 CHARTER]

373 649 532 682 Omnibus
548 661 570 681 s.
590 662 615 680 e.
634 650 656 680 f.
675 660 705 690 p.
724 652 755 680 et
772 648 794 679 f.
814 647 997 679 Hmmcus
1013 648 1053 679 de
1069 647 1321 680 UMFRAMVILL'
1335 650 1480 682 salutem.

373 720 487 753 Sciatis
503 731 554 750 me
570 718 702 750 consilio
718 718 894 749 amicorum
910 728 1055 749 meorum
1071 718 1258 750 concessisse
1275 744 1281 750 .
1300 721 1331 750 et
1348 720 1473 752 dedisse
1490 746 1496 752 .
1515 723 1545 752 et
1568 720 1627 752 hac
1643 724 1730 753 carta
1741 733 1813 754 mea

327 790 529 821 confirmasse
545 788 588 819 D.
606 791 638 819 et
654 799 679 819 e.
698 786 730 819 S.
750 786 797 818 M.
815 787 855 818 de
879 786 924 818 M.
950 789 981 818 et
1005 798 1047 818 iu.
1066 786 1085 818 i.
1112 786 1153 819 D.
1172 798 1194 819 S.
1213 787 1247 818 in
1268 788 1474 820 eiemosinam
1501 792 1604 821 totam
1631 792 1749 822 terram
1773 791 1813 823 de

326 859 579 891 annmrom
605 868 677 888 cum
702 855 851 888 omnibus
878 855 1084 898 pertinentiis
1100 856 1165 887 suis
1189 882 1195 888 .
1221 859 1258 888 ut
1274 856 1415 889 habeant
1431 869 1502 890 eam
1518 860 1550 890 et
1566 861 1698 891 teneant
1714 859 1813 892 libere

325 933 357 960 et
374 928 480 970 quiete
497 927 538 959 ab
554 926 641 958 omni
659 925 790 957 servicio
807 925 941 957 seculari
959 952 964 957 .
984 926 1147 958 reddendo
1163 925 1244 958 mihi
1263 953 1267 957 .
1287 930 1319 958 et
1332 927 1502 960 heredibus
1519 928 1598 960 meis
1608 929 1778 961 annuatim
1803 955 1810 962 ,

325 1009 382 1040 pro
395 997 483 1029 omni
496 996 628 1028 servicio
645 995 763 1037 viginti
780 998 844 1026 tres
858 994 974 1026 solidos
985 998 1015 1026 et
1032 998 1171 1036 quatuor
1186 996 1334 1027 denarios
1351 997 1391 1028 ad
1408 997 1489 1029 duos
1505 997 1661 1030 terminos
1676 998 1813 1031 .soi1icet

321 1067 471 1099 undecim
487 1065 604 1098 solidos
620 1068 651 1096 et
668 1067 737 1096 octo
754 1065 902 1096 denarios
918 1065 959 1096 ad
976 1063 1092 1096 Passca
1109 1066 1140 1096 et
1153 1065 1233 1096 alios
1244 1065 1395 1097 undecim
1408 1066 1524 1098 solidos
1537 1070 1567 1098 et
1579 1070 1649 1099 octo
1660 1068 1808 1100 denarios

324 1137 365 1168 ad
389 1136 509 1168 festum
533 1134 643 1167 Sancti
661 1133 867 1165 Mmfflffls.
917 1133 962 1165 Et
978 1145 1038 1176 ego
1054 1136 1086 1165 et
1109 1133 1242 1165 heredes
1265 1135 1327 1166 mei
1353 1135 1634 1168 warantizabimus
1658 1136 1703 1168 eis
1726 1136 1810 1170 hanc

324 1205 534 1237 donacionem
551 1204 727 1236 secundum
744 1206 890 1235 nostrum
906 1202 1099 1235 racionabile
1115 1214 1206 1245 posse
1219 1206 1329 1236 contra
1342 1216 1452 1236 omnes
1464 1205 1610 1237 homines
1623 1232 1628 1237 .
1644 1206 1691 1237 ita
1700 1208 1810 1239 tamen

325 1275 410 1318 quod
423 1274 575 1317 predictis
584 1272 749 1305 monachis
766 1273 942 1315 predictam
955 1274 1073 1304 terram
1090 1283 1155 1304 uon
1168 1272 1318 1305 dabimus
1328 1285 1431 1315 neque
1445 1274 1597 1306 catellum
1607 1286 1665 1317 pro
1676 1287 1809 1308 esscam-

327 1345 388 1377 bio.
432 1344 475 1376 Et
494 1344 519 1375 si
536 1344 619 1375 forte
636 1343 753 1384 uliquis
766 1342 905 1384 potuerit
923 1342 1098 1383 aliquando
1114 1342 1292 1384 predictam
1310 1345 1428 1374 terram
1445 1343 1645 1376 diracionare
1662 1370 1668 1376 .
1686 1356 1747 1387 ego
1763 1345 1814 1377 vel

325 1415 457 1446 heredes
469 1413 530 1445 mei
549 1412 846 1444 uuarantizabimus
863 1411 907 1443 eis
920 1414 1081 1443 vesturam
1094 1411 1182 1442 illius
1192 1411 1270 1443 anni
1287 1423 1350 1453 quo
1370 1412 1469 1444 fuerit
1482 1413 1681 1445 diracionata
1695 1440 1700 1446 .
1716 1414 1813 1446 simul

327 1495 399 1516 cum
413 1486 548 1515 uuareto
562 1508 567 1514 .
581 1481 732 1513 Preterea
743 1481 879 1513 concessi
891 1481 936 1512 eis
946 1484 977 1512 et
989 1480 1176 1512 confirmavi
1186 1491 1296 1512 omnes
1306 1481 1498 1514 donaciones
1509 1485 1542 1514 et
1552 1483 1813 1516 confirmaciones

327 1554 428 1596 patris
444 1553 507 1584 mei
524 1552 605 1584 sicut
623 1555 707 1583 carte
724 1551 824 1593 ipsius
840 1554 1001 1582 testantur
1026 1576 1031 1581 .
1058 1553 1090 1582 et
1110 1554 1229 1582 terram
1251 1562 1348 1592 quam
1365 1551 1471 1583 Hiran
1487 1552 1526 1584 de
1543 1551 1810 1585 LANDCHARUAN

328 1626 360 1654 et
378 1622 607 1654 GEREBERTUS
624 1621 725 1652 frater
741 1632 816 1651 suus
832 1620 877 1651 eis
893 1620 1052 1651 dederunt
1078 1645 1084 1650 .
1110 1622 1141 1651 et
1158 1619 1237 1651 alias
1254 1620 1447 1652 donaciones
1457 1620 1631 1653 liberorum
1643 1621 1813 1654 hominum

330 1703 475 1724 meorum
487 1690 725 1722 racionabiliter
738 1689 840 1721 factas
852 1689 933 1720 sicut
943 1692 1028 1721 carte
1041 1700 1151 1720 eorum
1168 1691 1338 1721 testantur.
1386 1689 1464 1722 Hjis
1475 1690 1610 1722 testibus
1624 1717 1630 1722 .
1642 1690 1697 1723 Au
1703 1702 1814 1723 DOENO

331 1765 409 1793 tunc
425 1760 556 1792 Decano
574 1786 579 1791 .
598 1759 752 1801 magistro
772 1758 965 1790 mmmmm
981 1757 1153 1789 Mummi
1170 1758 1322 1790 canonico
1339 1757 1574 1791 LANDAVENSE
1593 1785 1598 1791 .
1618 1758 1814 1792 WiLLELmo

331 1832 371 1863 (19
392 1831 516 1862 mmm(
542 1856 547 1861 .
574 1829 766 1860 RMMUNno
790 1829 829 1859 de
853 1828 981 1859 Suum
1007 1854 1012 1858 .
1039 1826 1156 1858 Divm
1188 1827 1228 1859 de
1251 1827 1436 1859 Bonnam?
1461 1831 1539 1860 tunc
1568 1829 1752 1861 vicecomite
1775 1830 1814 1861 de

330 1899 493 1932 szumv
530 1925 535 1931 .
571 1898 733 1930 nomm)
766 1896 934 1929 SAMPSON'
966 1923 971 1928 .
1003 1895 1198 1929 lemnmuo
1222 1897 1262 1929 de
1290 1896 1492 1929 LwHEFELD
1529 1924 1534 1930 .
1569 1897 1749 1930 NmnoLm
1781 1900 1812 1930 et

334 1969 512 2001 WAL'rERo
527 1967 692 1999 monachis
708 1967 748 1999 de
764 1966 919 1998 MARoAx
939 1993 944 1998 .
964 1965 1147 1998 GAmrmno
1163 1965 1320 1998 monacho
1337 1967 1376 1998 dc
1392 1966 1497 1999 Nem*
1516 1993 1521 1999 .
1540 1970 1572 1999 et
1587 1967 1699 1999 multis
1714 1967 1793 2000 aliis.

378 2038 450 2069 Soal
466 2037 500 2069 in
516 2037 596 2068 dark
613 2047 710 2079 green
727 2047 808 2073 wax,
828 2035 890 2067 lin.
909 2035 1005 2067 diam.
1043 2035 1173 2073 Device,
1190 2046 1209 2067 a
1225 2035 1333 2067 flower
1348 2035 1382 2067 of
1398 2047 1493 2068 seven
1509 2035 1614 2068 leaves
1630 2036 1807 2079 displayed.

381 2107 571 2149 Legend—‘
588 2111 620 2142 -4-
642 2116 816 2137 SECRETUM
841 2130 847 2136 .
874 2104 1042 2136 Humum)

381 2174 713 2208 Endorsed—‘Carta
737 2174 873 2206 Henrici
897 2174 936 2205 de
960 2173 1185 2206 Umframvill’
1209 2173 1232 2206 J
1234 2174 1356 2206 unioris
1378 2174 1417 2206 dc
1451 2176 1518 2206 tota
1542 2176 1626 2206 terra
1649 2174 1688 2206 de
1713 2173 1816 2206 Brad-

337 2244 496 2285 inmunes
