1998 2724
328 159 390 191 282

902 327 1145 361 CCLXXXII.

280 425 411 458 BULL
460 424 520 458 OF
569 424 689 457 POPE
739 424 985 456 INNOCENT
1036 423 1117 464 HL,
1166 423 1475 457 GONFERRING
1523 423 1622 456 THE
1660 423 1758 456 POS-

347 493 560 528 SESSIONS
603 493 672 532 OF,
712 493 814 526 AND
851 493 1162 526 GONFERRING
1203 492 1414 526 VARIOUS
1457 492 1755 530 PRIVILEGES,

345 565 477 598 UPON
507 564 718 597 MARGAM
748 563 921 596 ABBEY.

675 645 849 688 [MARGAM
874 645 1050 677 CHARTER.
1098 645 1165 676 6r11
1182 643 1313 687 Yam]
1371 644 1566 676 20T11N0v.
1615 644 1709 676 1203.

323 729 553 761 Ixuocnsrms
570 728 734 770 episeopus
750 739 859 759 servus
875 739 1038 759 servorum
1061 726 1125 759 Dei
1152 753 1157 759 .
1187 726 1311 759 dilectis
1337 727 1412 759 filiis
1432 726 1622 759 GrmssERTo
1639 726 1750 758 abbati

278 800 317 831 de
333 798 489 831 MARGAN
513 797 648 840 ejusque
672 795 827 828 fratribus
852 799 919 829 tam
946 796 1146 839 presentibus
1170 807 1268 838 quam
1294 795 1414 828 futuris
1440 796 1621 838 regularem
1647 795 1749 828 vitam

277 868 426 911 professis
442 869 476 900 in
491 873 692 911 perpetuum.

308 938 508 981 Religiosam
523 937 624 969 vitam
640 936 836 979 eligentibus
851 935 1062 977 apostolieum
1078 935 1228 967 convenit
1244 935 1352 966 adesse
1376 934 1553 976 presidium
1579 960 1585 966 .
1613 945 1653 966 ne
1669 933 1753 966 forte

276 1006 450 1049 cujuslibet
465 1006 655 1038 temeritatis
670 1006 818 1037 incursus
834 1007 891 1036 aut
907 1016 959 1037 eos
983 1016 1001 1036 a
1023 1004 1188 1047 proposito
1211 1005 1335 1036 revocet
1360 1005 1417 1035 aut
1439 1002 1537 1035 robur
1559 1003 1645 1045 quod
1670 1002 1754 1035 absit

276 1087 361 1108 sacre
377 1075 543 1118 religionis
567 1075 738 1117 infringat.
787 1073 837 1105 Eu
853 1075 984 1116 propter
999 1073 1108 1105 dilecti
1124 1073 1159 1104 in
1175 1073 1306 1105 domino
1322 1072 1381 1104 filii
1397 1072 1510 1104 vestris
1525 1072 1621 1114 justis
1644 1074 1754 1114 postu-

274 1144 449 1178 lationibus
465 1145 638 1177 elementer
660 1143 833 1176 annuimus
851 1170 856 1175 .
873 1145 905 1175 et
927 1141 1091 1185 prefatum
1115 1141 1347 1174 monasterium
1368 1143 1476 1173 sancte
1502 1141 1566 1173 Dei
1588 1141 1754 1183 genitricis

274 1217 304 1247 et
332 1214 468 1258 virginis
493 1214 614 1246 MAmr:
638 1214 672 1245 in
694 1225 756 1256 quo
777 1213 888 1245 divino
911 1212 1087 1254 mancipati
1109 1211 1184 1243 estis
1205 1210 1356 1253 obsequio
1389 1210 1448 1242 sub
1475 1210 1561 1243 beati
1586 1209 1693 1242 PETR1
1720 1214 1753 1242 et

274 1286 383 1317 nostra
414 1283 611 1326 protectione
645 1283 834 1325 suscipimus
868 1308 873 1313 .
914 1283 946 1313 et
981 1281 1138 1323 presentis
1179 1280 1288 1322 scripti
1310 1279 1481 1322 privilegio
1503 1279 1746 1311 communimus.

276 1354 317 1386 In
350 1353 461 1396 primis
496 1353 655 1396 siquidem
681 1355 859 1384 statuentes
890 1354 926 1384 ut
957 1351 1033 1383 ordo
1064 1349 1260 1382 monasticus
1291 1349 1347 1392 qui
1371 1349 1546 1382 secundum
1578 1349 1687 1381 Deum
1717 1351 1749 1381 et

274 1422 360 1455 beati
391 1422 581 1454 BENEDICTI
613 1421 760 1464 regulam
790 1423 886 1462 atque
927 1419 1165 1452 institutionem
1206 1418 1496 1451 CmancmNsmM
1537 1417 1676 1449 fratrum
1716 1418 1751 1450 in

275 1492 385 1523 eodem
416 1491 609 1523 monasterio
645 1490 813 1522 institutus
848 1501 914 1522 csse
950 1488 1127 1521 dinoscitur
1162 1514 1168 1520 .
1204 1487 1366 1530 perpetuis
1400 1486 1520 1519 ibidem
1555 1486 1753 1528 temporibus

274 1560 503 1593 inviolabiliter
526 1559 718 1592 observetur.
772 1559 923 1591 Preterea
946 1568 1162 1600 quascumque
1192 1556 1401 1599 possessiones
1432 1566 1631 1598 quecumque
1668 1555 1753 1588 bona

274 1631 359 1662 idem
416 1630 646 1662 monasterium
702 1628 982 1671 impresentiarum
1031 1627 1118 1669 juste
1159 1628 1191 1658 et
1231 1625 1380 1658 canonice
1435 1625 1575 1667 possidet
1618 1628 1674 1657 aut
1717 1625 1752 1657 iu

274 1700 421 1731 futurum
442 1699 641 1731 concessione
666 1698 860 1730 Pontificum
886 1724 891 1729 .
917 1697 1090 1739 largitione
1115 1695 1246 1738 Regum
1272 1695 1321 1726 vel
1344 1694 1532 1736 Principum
1558 1720 1563 1725 .
1591 1693 1753 1726 oblatione

273 1769 441 1801 fidelium.
471 1780 526 1800 seu
553 1768 624 1799 aliis
650 1767 746 1810 justis
771 1767 874 1799 modis
901 1768 1063 1808 prestante
1089 1764 1219 1797 domino
1244 1764 1361 1806 poterit
1386 1763 1519 1805 adipisci
1546 1763 1638 1795 firma
1663 1763 1753 1795 vobis

272 1838 446 1880 vestrisque
463 1837 691 1869 successoribus
708 1840 738 1868 et
754 1836 878 1868 illibata
893 1837 1113 1878 permaneant.
1163 1833 1205 1865 In
1222 1833 1339 1875 quibus
1363 1832 1421 1864 hee
1449 1832 1569 1874 proprii
1595 1832 1748 1864 duximus

272 1907 481 1950 exprimenda
498 1906 666 1938 vocabulis.
714 1905 839 1938 Locum
859 1905 965 1947 ipsum
992 1904 1026 1936 in
1048 1915 1111 1946 quo
1134 1902 1295 1945 prefatum
1323 1901 1553 1933 monasterium
1581 1901 1679 1933 situm
1704 1903 1752 1933 est

270 1988 342 2009 cum
381 1976 529 2008 omnibus
570 1975 774 2018 pertinentiis
813 1974 885 2006 suis.
934 1973 987 2005 Ex
1017 1973 1102 2005 dono
1133 1972 1286 2004 Romaim
1312 1973 1344 2002 et
1375 1969 1562 2003 WVrnnumur
1588 1971 1742 2003 comitum

270 2045 440 2078 lium-:meo
457 2047 489 2077 et
505 2045 660 2077 Auuxm
677 2044 790 2076 fluvios
805 2071 809 2075 .
825 2047 857 2075 ot
869 2042 1078 2086 possessiones
1089 2052 1167 2084 quas
1178 2040 1264 2072 inter
1274 2040 1357 2082 ipsos
1369 2038 1503 2071 habetis.
1529 2038 1660 2071 Lewert
1679 2041 1749 2080 [2'.e.,

268 2114 395 2156 lewree]
410 2115 449 2146 de
462 2114 542 2146 mari
555 2125 627 2146 oum
640 2113 842 2156 pertinentiis
854 2112 927 2144 suis.
953 2111 995 2143 In
1005 2110 1165 2143 territorio
1178 2109 1217 2141 de
1230 2108 1400 2141 KENEFEG
1413 2134 1419 2140 .
1434 2120 1473 2140 ex
1484 2109 1568 2140 dono
1582 2107 1748 2140 Knnrtusc

267 2186 298 2215 et
314 2183 469 2215 heredum
485 2183 514 2225 ej
521 2194 556 2214 us
572 2185 701 2214 centum
715 2193 802 2214 aeras
819 2184 909 2213 terre.
959 2180 1010 2212 Ex
1027 2180 1112 2211 dono
1124 2178 1286 2210 Huc-oms
1299 2178 1338 2209 dc
1351 2177 1584 2209 Ham-:mmm
1602 2177 1744 2209 totidem.

266 2252 317 2283 Ex
351 2252 434 2284 dono
466 2251 654 2284 WiLmnAss
688 2250 796 2283 G112121⁴2
824 2253 855 2281 ct
880 2249 1034 2281 heredum
1066 2248 1137 2290 ejus
1163 2273 1168 2279 .
1197 2246 1413 2289 quadraginta
1437 2256 1533 2277 acras,
1582 2244 1634 2276 Ex
1661 2245 1745 2277 dono
