1998 2724
1523 169 1586 199 517

844 324 942 357 DXI.

156 405 320 446 DAVID,
352 405 441 438 SON
471 405 531 438 OF
561 404 780 445 WASMER,
812 406 871 438 OF
908 406 1143 446 KENEFEO,
1174 406 1535 440 UNDERTAKING
1573 407 1630 440 ΤΟ

262 474 359 507 ΡΑῩ
389 473 648 507 FOURTEEN
685 474 838 507 PENCE
870 475 1070 508 YEARLY
1098 475 1191 508 FOR
1228 475 1343 509 FIVE
1380 475 1530 508 AORES
1569 476 1628 508 OF

265 542 398 576 LAND
430 543 492 576 AT
523 542 584 575 LE
616 543 870 576 HORESTON
901 544 958 577 ΤΟ
990 545 1200 577 MARGAM
1229 544 1403 577 ABBEY.

700 618 874 661 [MARGAM
899 619 1092 662 Onnum]

199 693 325 726 Notum
341 694 382 726 sit
398 693 546 725 omnibus
567 705 695 736 presens
717 694 871 736 seriptum
894 695 1009 727 visuris
1025 721 1031 727 .
1050 695 1101 727 vel
1124 695 1281 727 audituris
1300 721 1305 727 .
1323 696 1409 738 quod
1432 707 1492 738 ego
1516 695 1631 727 DAVID

155 763 241 795 filius
260 762 433 796 WAsMEm
457 763 497 794 de
522 762 690 794 KENEFEC
716 789 721 795 .
747 765 780 794 et
806 763 939 795 heredes
965 765 1028 795 mei
1055 767 1202 796 tenemur
1229 764 1366 807 singulis
1392 764 1486 796 annis
1513 765 1633 796 solvere

156 832 403 874 quatuordecem
430 831 577 863 denarios
604 832 646 863 ad
673 831 793 863 festum
821 831 931 864 Sancti
958 832 1155 865 MIOHAELIS
1181 833 1292 865 domui
1319 834 1358 865 de
1389 833 1547 865 MARGAN
1577 845 1636 876 pro

155 900 263 931 reditu
282 900 350 941 (sie)
367 900 509 942 quinque
524 911 670 932 aerarum
689 902 773 932 terre
792 912 871 942 quas
894 902 1043 933 dominus
1066 901 1088 933 J
1106 927 1294 935 ........
1312 901 1410 934 abbas
1433 904 1465 934 et
1487 902 1633 944 ejusdem

152 969 213 1001 loci
245 972 420 1001 conventus
451 969 532 1001 mihi
558 972 591 1001 et
618 969 789 1001 heredibus
816 970 895 1002 meis
922 971 1088 1002 dederunt.
1137 970 1285 1005 Quarum
1316 975 1455 1013 quatuor
1482 971 1633 1003 continue

155 1037 264 1080 jacent
279 1037 375 1080 juxta
390 1038 442 1070 LE
459 1038 643 1070 HOREsTON
661 1050 700 1070 ex
716 1041 807 1080 parte
830 1039 1020 1071 occidentali
1043 1040 1156 1071 semite
1183 1051 1245 1082 que
1267 1040 1374 1072 tendit
1396 1040 1437 1072 ad
1461 1040 1572 1072 villam
1596 1041 1636 1072 de

156 1107 309 1140 CORNELI
326 1133 332 1140 .
350 1111 383 1140 et
398 1119 462 1140 una
476 1108 561 1150 jacob
577 1107 677 1140 desub
694 1108 829 1142 VETssm
848 1108 1019 1140 CASTELLO
1035 1110 1211 1141 secundum
1227 1110 1313 1151 quod
1332 1112 1419 1141 carta
1441 1121 1513 1141 mea
1536 1121 1634 1152 quam

155 1176 254 1208 miehi
277 1179 308 1208 et
331 1176 501 1209 heredibus
524 1177 604 1209 meis
627 1178 786 1209 dederunt
810 1180 955 1209 testatur.
1003 1177 1045 1209 In
1069 1178 1162 1220 eujus
1184 1178 1230 1210 rei
1256 1178 1478 1211 testimonium
1505 1190 1637 1221 presens

153 1246 307 1288 seriptum
337 1245 436 1288 sigilli
466 1246 530 1278 mei
552 1246 759 1288 impressione
782 1246 938 1278 roboravi.
986 1246 1064 1278 Hiis
1087 1247 1221 1279 testibus
1247 1273 1252 1279 .
1284 1247 1456 1281 WALTERO
1481 1247 1598 1280 LOUEL
1625 1274 1631 1280 .

156 1314 351 1347 WILLELMO
382 1315 421 1347 de
453 1314 605 1346 CORNELI
636 1341 642 1347 .
672 1315 813 1347 Roomo
845 1315 1018 1348 GRAMMUS
1047 1342 1053 1347 .
1082 1316 1237 1348 RchRno
1267 1317 1379 1349 clerieo
1409 1343 1414 1348 .
1441 1316 1636 1350 WILLELMO

154 1383 406 1415 FRANanLAm
424 1409 430 1415 .
449 1383 611 1415 HENRico
627 1384 666 1416 de
682 1383 717 1416 N
719 1395 788 1416 Ε’[Ὴ
805 1409 811 1416 .
829 1387 862 1416 et
877 1385 988 1416 multis
1005 1384 1085 1416 aliis.

197 1452 336 1484 Pointed
351 1452 423 1483 oval
439 1453 513 1491 seaL
531 1453 612 1484 dark
628 1464 727 1495 green
744 1464 825 1492 wax,
844 1453 907 1494 {inr
927 1453 971 1495 by
991 1453 1056 1495 {in
1104 1453 1137 1485 A
1152 1453 1354 1486 fleur-de-lis.

690 1524 697 1538 ‘
714 1526 745 1557 -Ι-
767 1532 929 1553 SIGILLUM
948 1548 952 1553 .
972 1522 1100 1553 imvm)

198 1589 420 1622 Endorsed-—‘
432 1588 602 1622 Wasmeir.
650 1588 747 1621 Carta
763 1590 872 1622 David
890 1591 929 1622 de
945 1602 1037 1622 xum.
1058 1591 1198 1623 denariis
1213 1603 1270 1633 pro
1286 1591 1429 1634 quinque
1446 1592 1548 1624 aeris.'

834 1734 953 1766 DXH.

249 1813 535 1849 QUIT-OLAIM
579 1815 645 1847 BY
691 1815 851 1848 ROGER
896 1816 1003 1848 KAM
1049 1816 1108 1848 OF
1153 1816 1235 1848 HIS
1266 1816 1444 1850 RIGHTS
1482 1818 1537 1850 IN

437 1883 803 1917 BONEVILESTON
838 1885 896 1917 ΤΟ
935 1885 1141 1918 MARGAN
1178 1885 1352 1918 ABBEY.

611 1964 743 2008 [HARL.
769 1966 946 2004 ΟΗΑΒΤΕΗ,
972 1968 1012 1998 75
1037 1967 1071 1999 Ο.
1098 1967 1168 2010 22]
1359 1968 1463 2001 Cum
1489 1970 1582 2001 1241.

195 2038 365 2071 Universis
381 2038 522 2071 Omns'm
548 2040 698 2073 fidelibus
720 2052 850 2083 presens
874 2042 1028 2084 seriptum
1051 2043 1166 2074 visuris
1188 2043 1240 2075 vel
1263 2044 1445 2076 audituris.
1464 2044 1627 2077 ROGERUS

151 2106 237 2140 ΚΑΜ
253 2107 390 2139 salutem
404 2107 439 2139 in
455 2108 596 2140 domino.

193 2176 331 2209 Noverit
345 2176 537 2208 universitas
552 2179 657 2209 vestra
673 2179 760 2220 quod
775 2190 835 2221 ego
855 2180 986 2212 oonsilio
1010 2183 1042 2211 et
1065 2191 1220 2212 consensu
1238 2207 1244 2212 .
1262 2180 1418 2213 Rossmm
1436 2206 1443 2214 .
1463 2181 1600 2214 WRONU
1618 2209 1624 2214 .

149 2245 257 2278 Anm
274 2271 280 2277 .
298 2247 330 2277 et
353 2244 518 2277 Pmmm
541 2246 683 2279 filiorum
705 2258 850 2280 meorum
871 2250 903 2280 et
917 2248 1072 2281 heredum
1088 2252 1120 2281 et
1135 2249 1273 2281 aliorum
1289 2250 1466 2282 amicorum
1482 2262 1626 2283 meorum
