1998 2724
1569 148 1632 179 683

851 582 1031 615 DOXXX.

208 664 514 699 ASSIGNMEN'P
545 664 605 697 OF
635 664 734 697 THE
765 665 1069 705 REMMNDER,
1099 664 1386 699 SEVENTEEN
1424 667 1591 709 YEARS,
1623 670 1682 702 OF

313 735 347 767 A
391 733 543 766 LEASE
591 734 684 766 FOR
737 734 1092 767 TWENTY-FOUR
1137 734 1304 774 YEARS,
1351 735 1416 768 BY
1461 737 1683 771 WLLLIAM

316 803 512 836 MAYLOO
556 803 614 836 ΤΟ
661 802 760 836 THE
805 803 969 836 ABBEY
1007 803 1066 836 OF
1111 803 1290 844 NEATH,
1337 804 1396 836 OF
1441 805 1574 839 LAND
1620 808 1683 841 AT

315 872 638 905 BLUNTESMOR
683 872 737 905 IN
795 872 894 905 THE
943 873 1036 904 FEE
1083 873 1141 905 OF
1186 873 1392 913 OGMORE,
1439 875 1574 908 HELD
1625 877 1684 909 OF

316 942 473 975 PETER
511 942 741 975 BLUNDUS
779 942 951 975 UNDER
989 942 1088 975 THE
1126 942 1279 975 LORDS
1317 943 1554 977 THEREOF.

796 1024 962 1067 [FRANms
992 1024 1107 1068 MSS]

1087 1107 1306 1139 MIDSUMMER
1328 1107 1498 1140 MORRow.
1547 1110 1640 1141 1266.

254 1189 424 1221 Universis
440 1192 601 1231 presentes
617 1189 725 1221 literas
741 1189 856 1221 visuris
871 1190 922 1221 vel
943 1189 1102 1221 audituris
1118 1189 1218 1221 frater
1236 1190 1278 1221 A.
1296 1189 1400 1222 dietus
1416 1190 1513 1222 abbas
1529 1192 1568 1222 de
1584 1191 1687 1223 NETH

210 1260 242 1290 et
258 1257 403 1300 ejusdem
419 1258 480 1290 loci
495 1260 672 1290 conventus
688 1258 825 1290 salutem
846 1258 881 1290 in
904 1257 1055 1290 Domino.
1102 1257 1239 1308 Noverit
1262 1259 1454 1291 universitas
1476 1263 1582 1292 vestra
1605 1262 1690 1302 quod

212 1338 269 1359 nos
285 1327 454 1369 recipimus
469 1328 509 1359 de
525 1327 656 1360 domino
673 1327 870 1360 WILLELMO
886 1327 1030 1360 MAvLoc
1052 1330 1170 1360 terram
1186 1329 1225 1361 de
1242 1329 1475 1361 BLUNTESMOR
1491 1330 1524 1361 in
1541 1330 1635 1362 feodo
1651 1331 1690 1362 de

214 1395 370 1427 OGEMOR’
387 1396 506 1428 eisdem
517 1396 663 1428 terminis
676 1399 708 1428 et
719 1396 955 1429 conditionibus
971 1397 1087 1439 quibus
1098 1399 1232 1430 eandem
1244 1400 1362 1430 terrani
1378 1398 1513 1430 Pmnus
1526 1399 1691 1431 Bas-mas

216 1465 319 1497 eidem
335 1465 465 1498 domino
484 1465 680 1498 WILLELMO
703 1466 837 1498 tradidit
862 1493 868 1498 .
891 1467 1011 1499 seilicet
1034 1468 1075 1499 ad
1096 1467 1221 1499 firmam
1242 1467 1362 1510 viginti
1380 1470 1517 1510 quatuor
1533 1479 1690 1500 annm-iun

210 1546 227 1566 e
251 1534 370 1576 quibus
391 1537 512 1577 septem
533 1535 602 1577 jam
622 1535 721 1578 elapsi
745 1540 775 1567 et
797 1539 919 1568 restant
935 1539 1056 1578 septem
1072 1537 1181 1568 (leuem
1204 1537 1320 1579 quibus
1335 1537 1454 1569 dietam
1470 1540 1588 1569 terram
1603 1539 1691 1569 tene-

213 1602 319 1635 bimus
342 1603 423 1635 sicut
445 1604 572 1645 plenius
588 1604 622 1635 in
645 1604 761 1647 scripto
782 1605 867 1637 inter
885 1606 1011 1637 eosdem
1027 1606 1171 1638 confecto
1187 1606 1368 1638 continetur
1383 1606 1458 1638 hino
1474 1608 1521 1638 est
1532 1607 1619 1648 quod
1634 1617 1691 1638 nos

215 1683 270 1713 per
286 1683 414 1714 presens
429 1672 583 1715 seriptum
598 1673 787 1706 eonfitemur
802 1677 834 1706 et
850 1673 1031 1716 obligamus
1045 1685 1103 1706 nos
1119 1675 1206 1716 quod
1221 1675 1358 1707 durante
1374 1676 1485 1707 eadem
1501 1675 1592 1706 firma
1607 1674 1690 1706 nihil

216 1741 256 1772 de
272 1740 357 1772 dieta
372 1743 457 1773 terra
471 1742 659 1784 recipiemus
675 1743 717 1774 ad
732 1743 981 1785 perpetuitatem
995 1746 1028 1775 et
1042 1743 1174 1776 feodum
1190 1743 1309 1786 absque
1329 1744 1462 1776 seientia
1477 1746 1509 1775 et
1524 1744 1690 1775 voluntate

216 1809 418 1842 dominorum
448 1811 488 1842 de
513 1810 647 1843 OGMOR’
679 1812 735 1854 qui
761 1823 818 1854 pro
849 1814 991 1854 tempore
1015 1813 1146 1845 fuerint.
1208 1813 1251 1845 In
1277 1813 1371 1855 cujus
1395 1813 1440 1845 rei
1470 1812 1690 1845 testimonium

211 1879 352 1920 presenti
368 1879 484 1921 scripto
500 1880 644 1922 sigillum
656 1883 801 1913 nostrum
817 1881 1033 1924 apposuimus.
1080 1881 1204 1914 Datum
1219 1882 1254 1913 in
1270 1882 1407 1914 crastino
1418 1881 1504 1913 beati
1514 1881 1536 1914 J
1538 1892 1690 1913 ornamus

212 1946 381 1980 BAPTISTE
398 1960 482 1981 anno
498 1949 633 1982 Domini
648 1950 819 1983 millesimo
835 1951 1051 1983 ducentesimo
1067 1951 1265 1994 sexagesimo
1280 1954 1379 1983 sexto.
