1998 2724
1530 151 1592 182 667

160 305 402 338 LANDAVENsxs
429 308 460 337 et
475 305 630 347 magistro
659 305 800 337 Ros-sno
816 306 855 338 de
883 305 1087 338 STAUNTONE
1103 306 1216 338 clerico
1242 307 1327 339 vices
1342 308 1490 340 officiales
1513 309 1636 340 domini

159 375 402 407 LANDAVENSIS
417 374 555 416 episcopi
567 374 754 417 gerentibus
769 375 804 406 in
820 386 915 407 causa
930 378 1008 408 tunc
1024 378 1112 407 mota
1127 376 1211 408 inter
1228 374 1377 407 abbatem
1393 378 1425 408 et
1442 379 1635 409 conventum

159 444 344 477 monasterii
361 443 472 476 Sancti
489 443 597 475 Pmm
615 443 850 476 Gnoncssrmn
871 455 911 476 ex
930 446 1021 486 parte
1041 456 1106 476 una
1122 446 1154 476 et
1174 443 1324 476 abbatem
1340 446 1371 476 et
1387 448 1580 478 conventum
1596 447 1635 479 de

158 514 313 546 MARGAN
338 525 377 545 ex
401 513 503 545 altera
527 524 622 555 super
645 513 777 545 decimis
802 513 1065 555 provenientibus
1081 514 1120 545 de
1143 514 1235 545 terris
1260 514 1434 545 eorundem
1457 514 1581 547 abbatis
1605 518 1637 547 et

158 585 333 616 conventus
363 582 402 614 de
440 581 595 613 MARGAN
626 582 873 614 consistentibus
910 583 944 614 in
982 582 1132 625 parochia
1169 582 1298 614 ecclesie
1336 583 1375 615 de
1413 582 1636 615 LANKARVAN

159 652 403 684 LANDAVENSIS
427 651 579 692 dyocesis.
628 650 694 686 Qui
720 652 851 693 quidem
875 655 1061 694 procurator
1077 651 1243 684 humiliter
1266 663 1302 683 ac
1317 652 1476 684 instanter
1491 653 1585 695 petiit
1600 656 1637 685 ut

159 722 221 764 ipsi
242 724 313 753 acta
333 721 447 763 judicii
466 732 572 753 coram
591 721 636 752 eis
657 720 768 753 habita
790 721 825 752 in
846 732 941 753 causa
960 721 1028 763 ipsa
1051 724 1119 753 tam
1140 721 1252 752 eadem
1275 721 1326 753 die
1348 733 1445 763 quam
1466 722 1501 753 in
1525 722 1638 764 vigilia

159 790 247 823 beati
271 790 444 823 NICHOLAI
467 789 614 832 proximo
638 790 792 832 preterita
814 801 871 832 per
896 801 957 832 que
980 801 1075 822 causa
1097 791 1166 833 ipsa
1191 790 1410 823 instruebatur
1433 793 1464 823 et
1491 803 1638 833 processu

160 860 312 902 temporis
327 859 443 891 instrui
459 861 585 901 poterat
600 858 705 901 redigi
721 858 864 890 facerent
889 859 924 891 in
942 860 1156 892 auctenticam
1172 859 1323 901 scriptam
1341 862 1372 892 et
1389 861 1501 892 eadem
1517 863 1587 893 acta
1603 861 1637 893 in

160 928 284 970 scriptis
302 928 431 960 redacta
450 927 566 969 sigillis
586 927 651 959 suis
675 927 841 969 signarent
861 930 898 959 ut
921 940 977 970 per
997 940 1034 960 ea
1055 929 1089 960 in
1109 929 1323 961 auctenticam
1338 929 1490 971 scriptam
1510 931 1639 962 redacta

163 1008 256 1030 causa
279 998 453 1029 eorundem
476 996 602 1028 abbatis
624 998 657 1028 et
684 999 859 1029 conventus
885 997 924 1029 de
948 997 1102 1029 MARGAN
1130 1009 1187 1040 pro
1210 998 1278 1031 loco
1302 1001 1334 1030 et
1357 1001 1500 1041 tempore
1522 1000 1640 1032 instrui

161 1067 261 1108 possit
281 1068 313 1098 et
333 1066 448 1108 juvari.
497 1065 553 1098 Set
569 1066 631 1108 ipsi
652 1067 792 1098 decanus
808 1068 841 1098 et
857 1066 1019 1099 Ros-mos
1034 1066 1094 1098 hoc
1110 1067 1140 1098 ei
1155 1068 1257 1099 facere
1280 1067 1400 1109 precise
1423 1069 1636 1111 denegarunt.

160 1135 297 1177 Propter
324 1135 409 1177 quod
432 1135 517 1166 idem
541 1137 728 1177 procurator
744 1135 783 1167 de
808 1135 963 1167 MARGAN
980 1136 1110 1168 nomine
1138 1147 1194 1168 suo
1220 1138 1252 1168 et
1277 1137 1481 1170 dominorum
1509 1148 1639 1170 suorum

161 1205 376 1247 predictorum
398 1204 438 1236 ad
459 1204 567 1236 sedem
588 1190 796 1246 apostolicam
816 1205 850 1236 in
874 1205 999 1247 scriptis
1022 1205 1197 1247 appellavit
1220 1208 1252 1237 et
1274 1206 1463 1248 apostolicos
1481 1207 1640 1239 instanter

161 1273 255 1316 petiit
279 1284 358 1315 quos
372 1273 434 1315 ipsi
459 1273 598 1305 decanus
620 1276 652 1305 et
679 1273 842 1306 RcG-nnus
868 1274 972 1306 eidem
996 1275 1195 1316 procuratori
1223 1276 1394 1307 concedere
1422 1276 1636 1318 denegarunt.

164 1342 351 1384 Requisitus
376 1342 415 1374 de
431 1341 509 1374 hora
532 1341 596 1374 diei
612 1343 743 1384 quando
758 1342 817 1375 hoc
842 1342 965 1375 factum
981 1343 1055 1382 fuit,
1073 1342 1150 1375 dic'it
1167 1345 1253 1386 quod
1269 1345 1352 1376 circa
1367 1345 1479 1377 horam
1496 1346 1638 1378 terciam.

160 1411 349 1453 Requisitus
366 1411 421 1453 qui
446 1411 579 1443 fuerunt
606 1414 778 1454 presenteS‚
795 1411 874 1443 dicit
901 1412 987 1453 quod
1002 1411 1069 1453 ipse
1097 1417 1129 1443 et
1145 1413 1308 1454 predictus
1324 1413 1424 1445 frater
1448 1414 1639 1446 Pmmppns

161 1481 200 1513 de
226 1480 469 1519 merwmmn,
497 1482 530 1512 et
559 1480 675 1512 fratres
701 1480 886 1513 JOHANNES
917 1481 956 1512 de
988 1480 1219 1521 Nom-vum,
1253 1482 1470 1515 WILLELMUS
1502 1483 1637 1523 Sonrns,

159 1549 351 1582 Pmmpns
381 1550 421 1581 de
452 1548 704 1589 KAERMARDIN,
735 1550 884 1582 monachi
915 1550 954 1582 de
985 1550 1152 1590 MARGAN,
1183 1552 1338 1594 magister
1366 1553 1568 1586 NICHOLAUS
1599 1554 1639 1586 de

159 1618 375 1650 KAENETONA
391 1617 540 1660 phisicus,
557 1618 579 1651 J
581 1629 740 1650 OHANNES
762 1618 914 1658 Pssmm,
931 1618 953 1651 J
956 1630 1115 1652 OHANNES
1130 1620 1198 1659 Du,
1215 1624 1246 1652 et
1263 1622 1359 1653 multi
1375 1622 1431 1654 alii
1448 1626 1516 1654 tam
1531 1623 1636 1655 clerici

161 1698 258 1729 quam
288 1687 362 1718 laici
393 1687 469 1729 quia
499 1687 721 1720 consistorium
748 1688 813 1720 fuit
840 1699 877 1720 ea
903 1688 965 1720 die.
1015 1688 1204 1731 Requisitus
1231 1702 1329 1732 quare
1357 1702 1423 1723 non
1453 1691 1518 1723 fuit
1545 1703 1639 1724 causa

161 1756 386 1799 appellationis
423 1756 523 1798 ipsius
559 1757 646 1789 infra
683 1768 806 1789 annum
844 1758 1021 1790 terminata
1059 1770 1078 1790 a
1108 1761 1251 1801 tempore
1282 1760 1508 1802 appellationis
1537 1761 1638 1803 ipsius

160 1825 357 1867 interposite,
374 1825 453 1857 dicit
469 1826 555 1867 quod
569 1826 629 1859 hoc
645 1826 734 1859 stetit
749 1838 807 1869 per
822 1827 944 1859 curiam
960 1827 1144 1860 Romanam
1159 1829 1225 1860 sive
1240 1840 1298 1871 per
1313 1829 1447 1862 nuncios
1462 1831 1637 1863 eorundem

159 1905 236 1936 quos
261 1896 302 1927 ad
327 1895 462 1927 eandem
488 1895 609 1927 curiam
633 1896 788 1928 miserant
812 1896 854 1927 ad
879 1896 1119 1938 impetrandum
1144 1909 1238 1940 super
1269 1899 1381 1930 eadem
1408 1900 1632 1941 appellatione.

160 1963 321 1995 Miserunt
348 1964 435 1996 enim
461 1964 620 2006 predictos
646 1965 780 1996 nuncios
805 1976 877 1997 suos
905 1976 1013 1997 versus
1039 1966 1160 1998 amdam
1188 1966 1370 1999 Romanam
1397 1968 1483 2000 infra
1509 1971 1636 2001 octavas

160 2032 296 2074 predicti
322 2032 433 2065 Sancti
460 2032 639 2065 Humum
667 2036 699 2066 et
725 2034 887 2066 neminem
918 2045 1028 2066 eorum
1054 2039 1242 2078 receperunt
1272 2038 1348 2068 ante
1373 2037 1520 2079 vigiliam
1550 2037 1635 2070 beati

159 2100 347 2133 VINCENTH
375 2101 515 2134 martiris
531 2113 616 2134 anno
640 2102 776 2134 Domini
791 2102 962 2135 millesimo
987 2103 1206 2136 ducentesimo
1222 2105 1420 2147 sexagesimo
1436 2106 1574 2137 secundo
1598 2117 1634 2138 eo

161 2170 247 2211 quod
270 2169 419 2211 impediti
442 2173 533 2202 erant
556 2172 594 2202 ut
616 2170 767 2203 dicebant
793 2182 849 2213 per
864 2171 951 2203 viam
976 2174 1008 2203 et
1032 2172 1133 2204 eciam
1160 2173 1194 2205 in
1222 2174 1366 2216 predicta
1393 2174 1480 2205 curia
1506 2178 1636 2216 propter

160 2238 359 2270 audientiam
375 2242 407 2271 et
422 2238 546 2271 bullam
562 2240 596 2271 in
614 2240 726 2272 eadem
743 2240 830 2272 curia
846 2240 903 2272 diu
919 2252 1106 2283 suspensam
1122 2244 1159 2274 ut
1176 2241 1334 2274 dicebant.
