1998 2724
1520 158 1583 189 44?

154 330 225 351 mus
250 345 255 351 .
282 321 440 361 quatenus
469 318 584 349 amodo
617 320 687 359 post
722 329 851 360 presens
871 316 1049 359 capitulum
1081 342 1086 348 .
1116 317 1157 348 ad
1184 315 1423 347 reformandam
1454 315 1631 357 predictam

155 388 318 420 abbatiam
334 387 435 419 filiam
458 389 597 419 vestram
620 387 654 418 in
682 386 903 429 spiritualibus
928 389 960 418 et
980 384 1211 428 temporalibus
1233 384 1343 416 taliter
1366 384 1499 416 sollicite
1527 384 1631 416 inten-

155 458 239 490 datis
256 484 262 489 .
280 460 317 489 ut
333 457 440 489 anime
455 456 636 488 salventur.
656 458 686 488 et
704 467 760 488 nos
773 467 838 488 uon
849 467 1001 498 cogamur
1013 455 1190 497 predictam
1203 454 1444 496 adoptationem
1457 453 1631 495 aliquando

155 527 335 559 immutare.

200 596 326 628 Datum
341 606 427 627 anno
443 594 547 637 gratie
564 599 608 625 M0*
631 599 683 625 cc‘*
704 599 767 625 xx0·
788 594 923 636 septimo
941 620 946 625 .
966 593 1123 636 Tempore
1139 593 1272 635 capituli
1289 592 1457 635 generalis.

202 664 382 707 Fragment
398 663 432 696 of
448 664 511 695 scal
529 663 563 695 of
578 662 633 694 the
649 662 759 694 Abbot
778 662 811 693 of
828 662 973 694 Citeaux.
1022 662 1141 695 Brown
1158 673 1238 694 wax.

808 827 990 860 GOOOLV.

161 910 323 944 GRANT
361 910 428 942 BY
475 909 675 945 ROBER'R
717 908 805 941 SON
848 909 906 941 OF
944 909 1089 947 WIAN,
1131 909 1190 941 OF
1230 909 1326 941 ALL
1356 908 1456 941 THE
1503 907 1635 940 LAND

269 979 323 1012 IN
356 979 454 1012 THE
494 979 586 1011 FEE
625 978 685 1010 OF
724 978 1017 1011 NEWCASTLE
1056 978 1229 1011 WHIGH
1269 978 1338 1010 HE
1370 977 1475 1010 HAD
1508 976 1640 1009 FROM

271 1048 475 1081 MORGAN
508 1047 570 1080 ΑΡ
602 1047 832 1087 GARADOC,
865 1047 921 1080 TO
954 1047 1164 1080 MARGAM
1195 1047 1368 1079 ABBEY.

701 1129 875 1173 [MARGAM
901 1129 1095 1172 CHARTER]
1373 1129 1596 1160 1197—1203.

208 1214 319 1246 Sciant
336 1225 445 1245 omnes
461 1216 528 1246 tam
545 1225 574 1255 p.
593 1224 691 1255 quam
711 1212 732 1244 f.
759 1213 845 1254 quod
866 1224 926 1254 ego
949 1212 1129 1244 Rossssmus
1156 1212 1241 1244 filius
1266 1211 1387 1244 Wmm
1415 1211 1551 1243 concedo
1578 1237 1584 1242 .
1611 1217 1643 1242 et

163 1283 293 1315 dimitto
318 1282 482 1314 monachis
511 1283 551 1314 de
579 1282 735 1313 MARGAN
759 1282 958 1313 concessione
977 1284 1009 1313 et
1029 1292 1184 1313 consensu
1206 1281 1329 1312 domini
1352 1281 1415 1312 mei
1439 1280 1607 1312 MORGANI
1633 1305 1640 1311 .

165 1355 267 1384 totam
283 1354 402 1384 terram
417 1362 524 1383 meam
539 1362 637 1393 quam
653 1351 751 1382 michi
767 1351 858 1382 dedit
877 1351 909 1381 in
933 1350 1030 1382 feudo
1055 1350 1146 1382 Now
1172 1350 1334 1381 CASTELLI
1361 1350 1480 1382 scilicet
1504 1350 1641 1392 quadra-

161 1421 254 1463 ginta
275 1432 364 1452 acras
385 1431 522 1462 quarum
545 1421 654 1452 decem
675 1421 709 1452 in
731 1422 919 1462 perpetuam
941 1420 1146 1451 elemosinam
1164 1420 1300 1462 largitus
1316 1431 1387 1451 sum
1403 1419 1567 1451 monachis
1585 1445 1590 1450 .
1609 1423 1642 1451 et

163 1501 239 1521 xxx.
258 1490 377 1521 eisdem
393 1489 523 1521 dimitto
539 1490 581 1521 ad
596 1489 723 1521 firmam
739 1489 773 1520 in
790 1500 835 1520 vr.
854 1500 955 1521 annos
971 1488 1069 1520 libere
1085 1491 1117 1520 et
1133 1489 1240 1531 quiete
1257 1500 1356 1530 usqne
1377 1490 1450 1530 post
1468 1489 1643 1520 terminum

166 1569 211 1590 VI.
230 1569 388 1590 annorum
406 1584 412 1590 .
430 1558 486 1600 qui
502 1558 580 1590 anni
596 1558 757 1600 incipiunt
773 1570 792 1589 a
808 1557 983 1589 festivitate
1000 1557 1110 1589 Sancti
1126 1557 1324 1589 MICHAELIS
1339 1558 1417 1590 anni
1434 1569 1469 1589 M.
1495 1569 1521 1590 c.
1543 1569 1641 1590 nona-

165 1626 281 1669 gesimi
297 1637 359 1658 V1J.
377 1626 418 1658 ab
434 1627 654 1659 incarnatione
671 1626 814 1659 Domini.
863 1626 935 1662 Que
959 1627 1107 1658 videlicet
1132 1626 1291 1659 festivitas
1312 1626 1424 1659 Sancti
1445 1626 1642 1658 anAELIs

165 1695 261 1727 tertia
277 1697 384 1727 secuta
399 1697 447 1727 est
462 1695 643 1738 captionem
660 1696 781 1727 castelli
797 1696 836 1727 de
852 1695 970 1727 Sancto
987 1695 1101 1727 CLARO
1119 1721 1125 1727 .
1144 1695 1264 1727 factam
1279 1707 1336 1738 per
1351 1695 1579 1729 WILLELMUM
1603 1696 1643 1727 de

166 1763 316 1796 ΒΕΑ-11511.
363 1763 417 1795 Ita
433 1764 552 1796 scilicet
571 1790 576 1796 .
595 1767 631 1796 ut
647 1776 703 1806 per
722 1775 767 1796 vl.
797 1776 897 1796 annos
916 1764 1057 1796 habeant
1081 1775 1136 1796 xx.
1163 1776 1250 1796 acras
1274 1768 1357 1797 terre
1380 1764 1585 1796 fiumentalis
1612 1767 1643 1796 et

165 1833 251 1864 ultra
275 1832 379 1864 adhuc
401 1844 459 1875 per
475 1835 538 1865 tres
553 1844 654 1865 annos
673 1860 677 1864 .
696 1833 729 1865 id
746 1835 794 1865 est
811 1859 817 1864 .
835 1833 931 1865 simul
950 1860 955 1865 .
974 1844 1019 1865 lx.
1046 1833 1186 1865 habeant
1212 1834 1351 1875 reliquas
1364 1838 1384 1865 ⁴.
1412 1846 1442 1865 x.
1471 1845 1558 1865 acras
1583 1844 1645 1875 que

165 1901 275 1943 jacent
290 1901 386 1943 juxta
401 1901 473 1934 illas
494 1928 499 1933 .
525 1913 604 1944 quas
629 1902 693 1934 illis
718 1902 793 1934 dedi
818 1903 852 1934 in
878 1905 1080 1945 perpetuum.
1129 1902 1173 1934 Et
1199 1903 1364 1934 sciendum
1392 1903 1478 1945 quod
1505 1913 1565 1944 ego
1590 1913 1646 1944 pre

165 1969 317 2002 manibus
333 1969 401 2012 jam
418 1970 523 2012 accepi
540 1981 670 2002 censum
686 1971 831 2002 omnium
847 1971 981 2003 istorum
1003 1982 1163 2003 annorum
1190 1998 1195 2003 .
1223 1971 1257 2003 id
1282 1974 1329 2003 est
1356 1997 1362 2003 .
1391 1982 1501 2003 xxva.
1527 1971 1643 2003 solidos

169 2042 201 2070 et
217 2049 242 2070 ,1.
260 2038 438 2070 denarium.
471 2038 517 2070 Et
532 2038 591 2070 hoc
607 2041 712 2071 totum
728 2039 790 2071 feci
805 2051 960 2071 consensu
976 2043 1007 2071 et
1024 2040 1154 2071 consilio
1171 2040 1309 2072 fratrum
1321 2051 1466 2072 meorum
1484 2067 1490 2072 .
1509 2040 1645 2072 Rosam

167 2110 199 2139 et
215 2106 381 2139 GRIFFINI
400 2133 406 2138 .
424 2109 457 2138 et
473 2107 620 2139 aliorum.
668 2107 715 2139 Et
730 2108 756 2140 si
771 2108 858 2140 infra
873 2108 932 2140 hoc
948 2109 1091 2150 spacium
1109 2111 1255 2141 mortuus
1277 2109 1369 2141 fuero
1394 2135 1400 2141 .
1426 2112 1528 2141 totam
1551 2109 1646 2141 istam

167 2179 287 2208 terram
317 2186 390 2207 cum
417 2186 546 2217 corpore
576 2187 648 2208 meo
673 2177 806 2219 prefatis
832 2176 997 2209 monachis
1023 2180 1054 2209 et
1080 2178 1273 2210 monasterio
1298 2178 1372 2210 dedi
1400 2178 1434 2210 in
1461 2180 1649 2220 perpetuam

168 2244 384 2276 elemosinam.
433 2243 541 2279 Quam
557 2245 583 2276 si
599 2256 665 2276 non
680 2249 814 2288 potuero
830 2246 894 2278 mis
910 2247 1117 2279 warantizare
1128 2258 1228 2289 usque
1242 2248 1283 2279 ad
1294 2248 1484 2290 prescriptos
1496 2249 1650 2280 terminos
