1998 2724
1542 158 1602 188 421

164 310 274 343 domui
290 314 397 342 nostre
414 311 528 342 melius
541 314 573 342 et
588 310 721 343 liberius
737 315 768 343 et
784 312 944 354 integrius
963 313 1098 344 eandem
1121 313 1211 345 dedit-
1232 313 1440 345 elemosinam
1464 314 1497 346 in
1521 316 1614 347 terris
1640 342 1644 347 .

166 382 198 411 et
212 379 351 421 pasturis
369 406 374 411 .
393 382 425 411 et
440 380 541 421 pratis
560 405 565 410 .
583 382 615 411 et
631 391 801 412 eommuna
818 384 946 422 pastui-e
965 408 969 412 .
989 384 1021 413 et
1036 382 1148 413 ceteris
1165 382 1362 414 aisiamentis
1378 387 1462 415 terre
1478 386 1510 415 et
1526 384 1648 426 pheudi

163 450 202 482 de
215 448 406 481 LANTGEWI
424 448 517 481 nobis
533 449 690 481 concessis
706 452 739 481 et
754 450 788 481 in
805 450 1012 482 elemosinam
1029 452 1113 483 datis
1131 477 1136 482 .
1155 451 1236 483 sicut
1247 454 1334 484 carta
1345 453 1445 495 ipsius
1458 453 1646 486 WILLELMI

163 520 309 550 testatur.
372 518 446 550 Hec
477 519 612 560 inquam
643 520 751 551 omnia
783 520 850 551 sine
882 521 989 563 aliquo
1021 524 1240 554 retenemento
1267 522 1404 564 predicti
1430 523 1580 555 monachi
1608 525 1648 556 de

162 587 317 620 MARGAN
342 588 375 620 in
400 590 594 630 perpetuum
616 588 825 630 possidebunt
845 616 849 620 .
873 589 971 621 libere
995 595 1026 621 et
1051 591 1157 632 quiete
1183 594 1216 622 et
1240 591 1308 623 sine
1341 593 1428 624 omni
1456 593 1585 625 servitio
1617 597 1648 625 et

162 657 295 690 seculari
312 657 478 690 exactione
504 684 509 689 .
535 658 699 690 reddendo
716 657 808 690 nobis
831 670 888 701 pro
912 660 1000 691 omni
1022 660 1152 692 servitio
1177 661 1257 692 duos
1278 661 1395 693 solidos
1414 663 1585 695 annuatim
1606 664 1647 695 ad

162 727 295 760 Pascha.
344 727 387 758 Et
405 727 480 769 quia
497 734 584 759 carta
605 727 708 769 prime
734 728 917 760 donationis
943 729 1096 761 remansit
1123 730 1157 761 in
1183 733 1293 762 nostra
1320 731 1465 763 custodia
1491 758 1495 763 .
1525 743 1582 764 nos
1608 733 1648 764 de

163 796 287 828 Owssm
304 800 484 838 presentem
501 797 747 829 conventionem
773 824 779 829 .
801 800 833 829 et
854 801 972 829 terrain
992 810 1090 840 quam
1108 799 1284 831 locavimus
1309 812 1382 832 curn
1409 801 1559 833 omnibus
1584 802 1648 834 suis

160 866 364 898 libertatibus
380 866 546 897 monachis
564 866 604 897 de
627 866 782 898 MARGAN
809 869 919 898 contra
943 879 1052 899 omnes
1076 869 1109 900 in
1137 871 1329 910 perpetuum
1355 871 1645 903 warentizabimus.

163 935 313 967 'festibus
345 935 499 967 HUGONE
534 938 566 967 et
598 934 757 967 OSBERNO
788 938 866 967 tunc
897 938 1062 969 monachis
1093 939 1180 980 apud
1204 938 1329 970 OWENI
1356 965 1361 970 .
1388 939 1584 973 WILLELMO
1608 942 1647 973 de

162 1004 309 1036 Bssnnwr’
327 1007 358 1037 et
373 1004 573 1037 GODEFRIDO
593 1006 758 1038 monachis
775 1008 814 1038 de
832 1007 985 1038 MARGAN
1006 1033 1011 1038 .
1031 1007 1137 1039 ADAM
1164 1008 1330 1050 capellano
1357 1036 1362 1040 .
1390 1009 1549 1041 JORDANO
1575 1022 1649 1043 con-

164 1085 253 1106 verso
288 1075 327 1106 de
362 1074 517 1106 MARGAN
555 1100 561 1106 .
598 1074 776 1107 WALTERO
807 1076 919 1108 clerico
943 1078 983 1107 de
1007 1076 1126 1109 Sancta
1150 1077 1301 1109 BRIGUM
1330 1105 1334 1109 .
1362 1078 1479 1110 HELIA
1505 1079 1617 1112 clerico
1643 1107 1648 1112 .

164 1143 350 1176 Ronssssnro
374 1144 413 1175 de
437 1143 671 1175 GLOECESTRIA
699 1171 704 1176 .
731 1144 920 1177 HEREvruo
944 1146 1090 1187 dapifero
1115 1147 1239 1188 prioris.

210 1213 284 1245 Seal
307 1213 342 1244 of
364 1213 418 1244 the
444 1213 537 1245 Prior
561 1213 595 1246 of
618 1213 664 1246 St.
690 1214 832 1246 Michael
857 1215 895 1246 de
914 1215 1104 1258 Vggomor’,
1140 1210 1199 1255 1'.e.,‘
1222 1216 1381 1259 Ewenny.
1431 1217 1537 1250 Green
1569 1230 1650 1259 wax,

166 1282 344 1325 imperfect.
392 1282 538 1325 Figured
555 1283 590 1315 in
607 1283 735 1316 Birch’s
754 1285 837 1315 Hist.
857 1286 1050 1325 ofMarymn
1067 1286 1183 1324 Abbey,
1201 1297 1232 1327 p.
1251 1288 1302 1317 30.

210 1352 258 1384 At
273 1352 329 1384 the
345 1355 401 1394 top
417 1352 472 1384 the
488 1353 575 1385 word
593 1363 849 1386 CYROGRAPHUM
866 1359 919 1386 <sut
937 1354 1078 1396 through
1095 1354 1174 1386 with
1190 1355 1281 1387 three
1296 1356 1378 1398 deep
1394 1356 1590 1389 indentures.

210 1421 432 1454 Endorsed—-‘
448 1422 569 1454 Prioris
585 1423 625 1455 de
642 1423 795 1456 Oeweni.'‘

772 1582 1031 1615 OOCOXXXII
1037 1610 1041 1614 .

166 1661 429 1695 PRIVILEGE
476 1663 704 1697 GRANTED
763 1664 827 1696 BY
874 1664 1084 1697 GILBERT
1138 1665 1202 1697 DE
1248 1666 1538 1708 MONMOUTH,
1593 1670 1653 1701 OF

276 1731 506 1765 FREEDOM
559 1733 692 1766 FROM
746 1733 868 1766 TOLL
922 1734 975 1766 IN
1029 1734 1220 1767 BUYING
1282 1736 1384 1769 AND
1445 1737 1652 1772 SELLING

277 1801 615 1835 THROUGHOUT
655 1803 738 1835 HIS
778 1803 922 1838 LAND.
962 1804 1019 1836 TO
1059 1804 1271 1837 MARGAM
1308 1805 1480 1839 ABBEY.

708 1886 883 1930 [MARGAM
917 1887 1112 1929 CHARTER]

210 1966 321 1998 Sciant
345 1978 374 2008 p.
401 1970 432 1998 et
456 1966 478 1998 f.
505 1968 590 2009 quod
607 1979 667 2010 ego
684 1968 882 2001 GILBER‘rUs
906 1970 945 2000 «le
970 1969 1171 2001 MONEMUTA
1196 1981 1253 2012 pro
1277 1971 1380 2003 salute
1396 1972 1502 2005 anime
1521 1999 1526 2004 .
1545 1976 1577 2005 et
1592 1985 1649 2015 pro

165 2036 267 2068 salute
283 2036 393 2068 uxoris
410 2047 479 2068 mee
496 2036 614 2068 BERTE
631 2040 663 2069 et
678 2049 736 2080 pro
760 2038 862 2070 salute
888 2050 1059 2080 puerorum
1083 2049 1228 2071 meorum
1251 2042 1283 2072 et
1307 2044 1479 2082 parentum
1502 2053 1648 2075 meorum

163 2108 195 2137 et
210 2105 387 2137 amicorum
404 2116 548 2138 meorum
566 2132 572 2138 .
591 2107 729 2140 concessi
746 2106 863 2140 Sancte
876 2107 997 2139 Minu:
1014 2111 1044 2139 et
1057 2108 1188 2140 abbacie
1204 2109 1243 2141 de
1261 2109 1416 2142 MARGAN
1432 2110 1617 2145 libertatem
1642 2140 1647 2144 .

164 2185 221 2215 per
244 2176 363 2206 terram
389 2185 495 2206 meam
523 2175 564 2206 ad
588 2177 762 2209 emendum
787 2180 819 2208 et
846 2177 1053 2209 vendendum
1075 2177 1229 2219 quicquid
1250 2178 1295 2210 eis
1316 2179 1473 2220 placuerit
1493 2181 1592 2213 libere
1619 2186 1649 2214 et

165 2242 272 2284 quiete
288 2242 409 2284 absque
425 2244 513 2275 omni
529 2245 655 2276 teloneo
671 2248 704 2277 et
720 2245 841 2288 absque
858 2247 988 2288 querela
1011 2248 1042 2277 et
1066 2246 1185 2289 absque
1209 2248 1297 2279 omni
1321 2250 1553 2281 consuetudine
1610 2252 1650 2283 de
