1998 2724
770 314 1066 348 CCOOLXXVII.

186 395 495 429 ABJURATION
539 395 605 428 BY
643 395 775 429 ENER
812 396 874 429 ΑΡ
912 396 1150 430 ΚΝΑῨΤΗΟ
1198 396 1257 429 OF
1294 396 1394 430 THE
1432 398 1564 430 MOOR
1603 399 1662 432 OF

558 464 765 497 TREIKIK
789 464 846 497 ΤΟ
870 465 1081 498 MARGAM
1104 465 1276 498 ABBEY.

736 546 910 589 [MARGAM
935 546 1130 590 CHARTER]
1392 550 1617 583 1230—1240.

227 627 398 660 Universis
425 628 567 660 CHRISTI
591 628 739 661 fidelibus
766 640 895 671 presens
921 630 1075 672 seriptiun
1105 630 1219 662 visuris
1246 631 1296 662 vel
1322 631 1482 664 audituris
1506 631 1608 664 ENER
1624 632 1664 665 ab

187 696 360 729 KNAYmo
376 698 514 730 salutem
528 698 563 730 in
580 697 730 730 Domino.

227 766 393 799 Noveritis
415 766 608 799 universitas
627 769 732 799 vestra
755 768 841 809 quod
866 778 926 810 ego
951 767 1083 800 consilio
1105 771 1137 800 et
1161 779 1316 801 consensu
1332 769 1507 801 amicorum
1522 781 1668 803 meorum

186 835 313 876 quitum
332 835 467 867 clamavi
483 838 515 867 et
531 835 682 878 abjuravi
698 839 730 868 et
745 835 805 867 hac
820 837 961 878 presenti
978 839 1064 869 carta
1084 837 1272 870 confirmavi
1284 838 1355 870 Deo
1367 841 1399 870 et
1412 839 1540 872 ecclesie
1551 839 1669 873 Sancte

187 903 308 936 MAmE
326 904 365 936 de
381 904 537 936 MARGAN
553 907 585 937 et
603 905 768 937 monachis
783 905 904 937 ibidem
928 905 998 938 Deo
1024 906 1236 938 servientibus
1259 909 1364 939 totum
1388 908 1540 940 clamium
1562 920 1671 942 meum

186 973 272 1014 quod
289 972 389 1005 habui
404 973 443 1004 de
459 984 550 1005 mora
566 974 605 1005 de
625 973 789 1006 TREYKIK
806 976 836 1006 et
854 977 958 1006 totum
974 974 1027 1017 jus
1043 976 1129 1017 quod
1147 975 1291 1008 dicebam
1307 987 1359 1008 me
1374 976 1491 1009 habere
1506 977 1540 1009 in
1557 978 1669 1010 eadem

181 1053 272 1073 mora
288 1067 294 1074 .
313 1044 349 1074 ut
366 1042 506 1074 habeant
525 1045 556 1074 et
571 1045 705 1075 teneant
721 1043 799 1075 dicti
819 1043 967 1075 monachi
984 1044 1104 1076 dictam
1120 1056 1243 1076 moram
1259 1044 1358 1077 libere
1374 1046 1481 1088 quiete
1493 1049 1525 1078 et
1540 1047 1670 1089 pacifice

184 1122 241 1153 pro
257 1121 309 1142 me
325 1112 357 1142 et
376 1110 524 1143 omnibus
540 1111 712 1144 heredibus
726 1112 805 1144 meis
821 1112 877 1154 qui
893 1115 968 1144 sunt
985 1115 1016 1144 et
1032 1113 1087 1155 qui
1111 1113 1218 1145 futuri
1241 1116 1315 1146 sunt
1335 1117 1367 1146 et
1389 1115 1537 1147 omnibus
1552 1127 1670 1148 succes-

188 1179 311 1211 soribus
329 1180 407 1212 meis
424 1180 664 1223 imperpetuum
681 1207 687 1213 .
706 1181 787 1213 sicut
811 1181 878 1213 ulla
903 1182 1076 1214 elemosina
1092 1182 1143 1214 vel
1166 1182 1271 1214 ullum
1294 1186 1516 1216 tenementum
1539 1185 1670 1218 liberius

185 1247 296 1280 haberi
312 1250 416 1290 potest
433 1249 483 1281 vel
498 1250 610 1282 teneri.
661 1250 707 1282 Et
723 1261 783 1293 ego
804 1253 836 1282 et
852 1250 984 1282 heredes
1005 1251 1068 1283 mei
1091 1251 1374 1284 warantizabimus
1394 1253 1488 1285 dictis
1507 1254 1672 1286 monachis

185 1316 305 1348 dictam
329 1317 457 1359 quitam
478 1318 706 1351 clamacionem
730 1323 840 1351 contra
861 1331 971 1352 omnes
987 1320 1134 1353 homines
1149 1321 1397 1364 imperpetuum.
1444 1323 1491 1355 Et
1506 1324 1672 1356 sciendum

188 1386 275 1426 quod
310 1397 370 1428 ego
406 1387 536 1418 affidavi
571 1390 603 1419 et
641 1399 736 1430 super
772 1391 973 1421 sacrosancta
1008 1389 1136 1422 ecclesie
1172 1391 1212 1422 de
1249 1390 1404 1423 MARGAN
1443 1392 1551 1434 juravi
1586 1394 1673 1436 quod

190 1453 299 1486 omnia
325 1455 386 1487 ista
414 1456 551 1488 fideliter
575 1482 582 1489 ,
608 1460 641 1489 et
663 1457 731 1489 sine
754 1458 828 1489 dolo
858 1457 990 1490 servabo
1006 1458 1253 1501 imperpetuum.
1311 1460 1389 1492 Hiis
1406 1461 1542 1494 testibus
1559 1488 1565 1493 .
1584 1462 1673 1494 EmA

188 1525 266 1555 tuno
282 1523 509 1557 LANDAVENSI
534 1526 689 1569 episcopo.

234 1591 458 1625 Endorsed-—‘
473 1594 649 1637 Abjuratio
665 1596 756 1628 Ener
771 1596 811 1629 ab
827 1596 986 1639 Knaytho
1003 1597 1043 1628 de
1060 1608 1148 1629 mora
1165 1598 1204 1629 de
1220 1597 1375 1630 Treikik)

231 1660 331 1683 Treikik
343 1669 446 1691 appears
458 1666 483 1685 to
495 1664 524 1685 be
535 1664 685 1693 Tre-y-gedd
696 1672 754 1687 near
767 1665 858 1688 Baiden
872 1668 923 1688 (see
936 1665 1014 1693 Biz-ch,
1030 1665 1088 1687 Hist*
1101 1669 1125 1691 uf
1138 1666 1248 1695 illm-qam
1262 1667 1345 1696 Abbey,
1356 1667 1450 1697 index.)

777 1794 1094 1830 CCCOLXXVIII.

196 1875 359 1908 GRANT
394 1874 458 1907 BY
487 1875 753 1916 GEOFFREY,
778 1876 866 1909 SON
898 1877 958 1909 OF
990 1877 1190 1911 GRIFFIN
1218 1879 1393 1919 BEGAN,
1417 1880 1475 1913 ΤΟ
1507 1881 1676 1914 PHILIP

293 1944 357 1977 DE
384 1944 531 1977 DINAS
554 1945 705 1978 POWIS
730 1945 790 1978 OF
812 1946 846 1978 A
869 1946 1252 1981 HALF-BURGAGE
1277 1949 1331 1981 IN
1356 1949 1574 1983 CARDIFF.

648 2027 780 2070 [HARL.
806 2028 983 2068 CHARTER,
1009 2030 1049 2060 75
1074 2029 1114 2062 B.
1140 2029 1188 2072 7.]
1355 2031 1443 2062 13111
1462 2031 1649 2064 0151111111γέ

234 2106 346 2140 Sciant
360 2110 522 2150 presentes
539 2110 571 2140 et
591 2109 696 2142 futuri
712 2110 799 2151 quod
814 2121 874 2152 ego
887 2109 1086 2143 GALFRIDUS
1107 2111 1192 2143 filius
1209 2111 1373 2144 Gmrmxl
1395 2112 1520 2144 BEGAN
1544 2124 1673 2146 assensu

189 2178 224 2208 et
245 2176 414 2208 voluntate
435 2176 520 2209 RE81
546 2177 657 2210 fratris
679 2179 743 2210 mei
769 2204 775 2210 .
801 2179 909 2211 uxoris
931 2190 1001 2211 mee
1025 2204 1032 2211 .
1057 2182 1089 2211 et
1116 2180 1271 2212 heredum
1295 2191 1440 2212 meorum
1463 2193 1520 2223 pro
1543 2183 1674 2224 urgenti

188 2245 376 2277 necessitate
396 2256 469 2277 mea
483 2246 617 2278 vendidi
632 2249 665 2279 et
681 2248 817 2279 concessi
829 2250 861 2280 et
876 2247 936 2280 hac
951 2248 1092 2290 presenti
1109 2250 1195 2281 carta
1211 2261 1282 2281 mea
1301 2250 1486 2282 confirmavi
1503 2250 1674 2283 PHILIPPO
