1998 2724
1505 151 1566 180 399

775 303 967 337 OOCOVII.

135 385 297 420 GRANT
329 384 393 417 BY
424 384 637 424 MORGAN,
669 385 757 418 SON
787 386 846 418 OF
879 386 1110 426 OARADOG,
1142 387 1245 420 AND
1278 388 1360 421 HIS
1390 389 1513 429 SONS,
1553 390 1612 422 OF

245 455 344 487 THE
382 454 514 486 LAND
561 454 686 486 LATE
727 455 1009 489 BELONGING
1048 456 1106 489 TO
1153 457 1356 490 WALTER
1396 457 1610 491 LAGELES

244 524 302 556 TO
334 523 544 557 MARGAM
582 523 754 556 ABBEY.

675 605 849 648 [MARGAM
873 607 1069 650 CHARTER.]

178 688 337 720 Omnibus
352 687 468 719 Sancte
485 699 510 719 e.
528 687 552 718 f.
570 698 598 718 a.
616 698 646 729 q.
665 699 694 729 p.
713 699 736 719 s.
755 689 935 729 pervenerit
953 714 959 720 .
977 689 1170 721 MORGANUS
1186 690 1270 722 filius
1289 690 1435 723 CRADOCI
1463 692 1609 725 salutem.

177 757 291 790 Sciatis
306 768 357 789 me
373 757 504 788 consilio
520 759 553 788 et
568 767 722 788 consensu
739 755 891 788 LmsAxx
911 763 942 790 et
959 758 1083 790 OWEIN
1100 759 1241 791 filiorum
1262 771 1407 792 meorum
1430 761 1553 792 dedisse
1581 767 1612 793 et

133 838 202 860 eon.
221 830 252 858 et
267 826 298 857 h.
317 837 342 857 c.
359 838 383 858 c.
403 825 445 857 D.
462 828 494 857 et
511 837 536 857 e.
554 825 593 857 B.
613 825 660 856 M.
680 826 719 857 de
736 825 781 857 M.
801 829 831 857 et
848 837 888 858 m.
908 827 928 857 i.
947 827 987 858 D.
1004 828 1214 860 servientibus
1229 832 1332 860 totam
1344 832 1461 861 terram
1475 841 1536 871 que
1548 830 1612 862 fuit

133 896 304 929 WALTERI
320 894 480 927 LAGELES
506 920 511 926 .
538 906 610 926 cum
635 894 784 926 omnibus
809 896 1012 937 pertinentiis
1038 896 1102 928 suis
1129 897 1164 928 in
1188 900 1378 940 perpetuam
1404 898 1611 931 elemosinam

133 976 191 1008 pro
207 965 315 996 anima
330 975 401 996 mea
417 968 449 995 et
463 975 521 1006 pro
537 963 706 995 animabus
721 965 976 1006 predecessorum
995 968 1026 996 et
1043 977 1256 998 successorum
1271 978 1415 999 meorum
1431 967 1613 999 habendam

134 1037 166 1067 et
182 1034 354 1066 tenendam
370 1033 469 1066 libere
485 1037 516 1065 et
533 1033 641 1075 quiete
661 1060 667 1064 .
685 1033 765 1065 sieut
782 1033 849 1065 ulla
866 1034 1038 1066 elemosina
1055 1034 1186 1067 liberius
1201 1035 1312 1067 haberi
1329 1038 1361 1067 et
1376 1036 1479 1068 teneri
1498 1039 1610 1078 potest.

133 1103 179 1135 Et
194 1114 255 1145 ego
270 1106 301 1134 et
318 1102 448 1134 heredes
463 1102 528 1133 mei
543 1102 826 1134 warantizabimus
851 1103 896 1134 eis
919 1103 1001 1135 hanc
1027 1104 1233 1136 donationem
1263 1131 1268 1135 .
1298 1104 1378 1136 sicut
1405 1105 1611 1137 elemosinam

132 1175 274 1204 nostram
291 1173 400 1203 contra
415 1182 526 1202 omnes
540 1171 687 1203 homines
704 1171 739 1203 in
754 1174 947 1214 perpetuum
972 1199 976 1203 .
1001 1176 1033 1204 et
1048 1176 1153 1204 totum
1169 1184 1313 1205 annuum
1329 1174 1493 1205 redditum
1515 1186 1610 1216 quem

132 1252 235 1273 eomes
251 1240 371 1272 solebat
387 1240 527 1282 accipere
545 1266 551 1271 .
570 1243 602 1272 et
618 1251 678 1283 ego
696 1244 767 1283 post
784 1241 889 1283 ipsum
908 1267 914 1273 .
933 1242 972 1273 de
988 1245 1074 1273 terra
1089 1242 1146 1274 illa
1163 1267 1169 1273 .
1187 1242 1304 1274 scilicet
1325 1269 1330 1273 .
1350 1253 1427 1274 vna.
1446 1243 1563 1275 solidos
1577 1247 1609 1275 et

131 1321 200 1342 1115.
219 1309 365 1341 denarios
383 1335 388 1340 .
407 1320 467 1352 ego
483 1311 515 1340 et
529 1309 662 1341 heredes
676 1309 741 1341 mei
758 1310 909 1351 predictis
924 1311 1089 1342 monachis
1112 1311 1238 1353 quitum
1263 1312 1470 1344 clamavimus
1493 1312 1610 1354 imper-

132 1381 276 1420 petuum.
323 1376 444 1409 sivero
459 1377 591 1419 aliquod
607 1378 775 1410 servicium
797 1404 802 1409 .
821 1378 886 1410 sive
902 1379 1024 1410 domini
1041 1379 1142 1421 Regis
1167 1379 1232 1411 sive
1254 1380 1392 1422 alicujus
1416 1381 1548 1413 alterius
1572 1382 1611 1413 de

131 1447 188 1479 ffla
203 1450 288 1478 terra
300 1446 398 1478 fuerit
414 1446 587 1488 aliquando
602 1447 795 1488 requisitum
827 1472 832 1478 .
859 1459 919 1490 ego
943 1453 975 1479 et
1000 1448 1130 1480 heredes
1155 1449 1218 1480 mei
1242 1449 1325 1480 illud
1349 1449 1504 1481 faciemus
1532 1476 1538 1481 .
1565 1451 1610 1482 ita

133 1515 219 1557 quod
234 1514 382 1547 monachi
399 1515 501 1558 quieti
517 1520 611 1547 erunt
631 1542 636 1547 .
655 1520 688 1548 et
702 1516 795 1548 liberi
813 1516 853 1548 ab
869 1517 957 1549 omni
972 1518 1101 1550 servitio
1116 1544 1121 1549 .
1141 1518 1305 1550 exactione
1318 1544 1324 1549 .
1336 1520 1368 1549 et
1380 1520 1611 1551 consuetudine

132 1584 265 1616 seculari
284 1609 289 1615 .
307 1583 554 1626 imperpetuum.
602 1583 680 1616 Hiis
697 1584 841 1617 testibus.

174 1652 376 1685 Entitled——‘
391 1652 487 1685 Carta
509 1653 662 1696 Morgani
687 1654 726 1685 de
746 1665 821 1685 vm.
844 1655 952 1686 solidis
974 1658 1003 1686 et
1024 1660 1111 1686 [1110ss
1134 1655 1274 1687 denariis
1290 1656 1330 1687 de
1347 1655 1605 1699 Lagelest[on.]'

766 1857 978 1890 OOCOVHI.

187 1937 551 1972 OONFIRMATION
581 1938 648 1971 BY
679 1938 882 1971 MORGAN
914 1939 977 1971 AB
1010 1939 1228 1972 OARADOO
1260 1940 1319 1972 OF
1351 1940 1561 1974 VARIOUS

511 2007 699 2040 GRANTS
730 2007 788 2040 ΤΟ
819 2008 1030 2040 MARGAM
1060 2008 1233 2040 ABBEY.

669 2089 843 2132 [MARGAM
868 2090 1062 2133 CHARTER]

173 2171 333 2203 Omnibus
348 2170 464 2202 Sancte
479 2171 607 2202 ecclesie
624 2171 698 2203 filiis
714 2172 755 2202 acl
772 2182 852 2213 quos
868 2182 996 2212 presens
1012 2173 1166 2214 scriptum
1183 2174 1364 2215 pervenerit
1382 2200 1388 2205 .
1413 2173 1606 2206 MORGANUS

127 2241 213 2273 filius
229 2240 377 2272 Omnem
393 2240 538 2273 salutem.
