1998 2724
1535 165 1599 196 233

156 331 244 375 quod
260 331 390 373 quando
406 329 490 362 hane
506 329 752 362 conventionem
769 328 902 360 fecimus
917 327 1021 370 recepi
1038 338 1093 369 pre
1110 325 1260 358 manibus
1283 337 1303 357 a
1325 324 1460 368 prefatis
1482 325 1647 357 monachis

154 403 261 434 totum
276 400 440 433 redditum
457 411 512 431 sex
528 409 687 430 annorum
707 424 712 429 .
731 397 851 429 scilicet
865 400 930 429 tres
947 422 954 429 .
972 407 1095 429 marcas
1112 422 1118 427 .
1137 395 1265 438 argenti
1290 421 1296 427 .
1322 395 1363 427 ad
1388 395 1646 437 purificationem

154 470 247 503 beate
287 469 408 502 MARIE
447 468 628 511 proximam
662 471 734 510 post
758 467 939 509 captionem
972 466 1138 499 Gmrrlm
1162 465 1221 497 filii
1245 465 1329 497 REsr
1356 491 1361 496 .
1388 465 1453 496 His
1477 464 1613 496 testibus
1638 490 1644 496 .

143 540 287 575 ,domino
311 538 358 571 H.
383 537 611 570 LANDAVENSI
635 537 782 579 episcopo
800 563 806 568 .
825 539 856 569 et
873 537 1004 569 domino
1029 535 1225 568 WILLELMO
1241 535 1282 566 de
1299 534 1440 566 BRAUSA
1459 560 1464 564 .
1483 533 1646 566 Hmmco

156 610 198 642 de
213 607 368 641 PENEBR'
387 634 393 640 .
412 607 564 640 URBANO
579 607 804 639 archidiacono
821 632 827 638 .
845 606 867 638 J
870 617 973 638 ACOBO
989 606 1094 648 priore
1110 606 1149 637 (le
1173 604 1328 636 MARGAN
1356 630 1361 635 .
1387 603 1584 636 WILLELMO
1607 604 1647 635 de

157 678 298 712 chmzs’
323 705 329 710 .
358 677 554 711 WILLELMO
569 677 610 709 de
626 676 774 708 BssmNT‘
801 702 807 708 .
832 676 997 708 monachis
1021 676 1060 707 de
1085 675 1240 706 MARGAN
1266 700 1271 705 .
1297 677 1329 706 et
1351 674 1464 705 multis
1488 674 1567 705 aliis

201 748 425 780 Endorsed—‘
438 747 535 779 Carta
551 745 738 778 Thaderche
756 745 819 777 filie
836 745 1004 777 Ketherici
1020 743 1086 777 du.'

202 818 250 840 For
267 817 376 840 remarks
392 824 425 839 on
441 817 498 839 date
515 817 540 838 of
557 815 607 838 this
624 815 728 838 Clmrtcr
745 822 783 837 see
801 815 880 837 Birch.
901 815 962 837 llisc.
973 815 1003 843 qs
1015 815 1125 842 Mar-qam
1149 813 1230 842 libbe-ts!
1243 821 1264 842 p*
1280 814 1327 836 142.
1348 813 1428 835 where
1442 813 1461 835 it
1476 813 1495 835 is
1509 813 1647 835 attributed

161 864 187 884 to
199 868 213 883 a
224 861 287 882 later
299 860 389 889 period.

801 1053 1011 1086 CCXXVII.

231 1137 395 1171 GRANT
423 1136 489 1169 BY
513 1136 790 1175 KENWREIO,
814 1135 903 1168 SON
931 1135 990 1168 OF
1016 1135 1258 1175 HERBERT,
1284 1135 1343 1167 OF
1370 1135 1504 1168 LAND
1533 1135 1587 1167 IN

586 1205 895 1238 KILLECULIM
925 1205 983 1238 TO
1015 1204 1233 1237 MARGAN.

711 1287 887 1331 [MARGAM
913 1287 1109 1330 CHARTER.]
1383 1288 1489 1320 Cum
1515 1289 1609 1320 1198.

210 1372 371 1405 Omnibus
386 1371 504 1404 Sancte
516 1371 644 1403 ecclesie
657 1371 734 1403 filiis
746 1370 949 1414 presentibus
961 1374 992 1402 ct
1005 1370 1126 1402 futuris
1138 1369 1357 1402 KENEWREIC
1370 1370 1456 1402 filius
1468 1370 1655 1402 Hsnssmzri

165 1442 313 1475 salutem.

210 1511 326 1544 Sciatis
346 1522 398 1543 me
421 1510 554 1543 consilio
573 1513 606 1542 et
629 1521 785 1542 consensu
808 1509 964 1541 heredum
988 1512 1019 1540 et
1045 1509 1220 1541 amicorum
1246 1520 1390 1541 meorum
1414 1510 1601 1542 concessisse
1625 1513 1657 1542 et

166 1581 289 1614 dedisse
306 1580 377 1613 Deo
393 1582 425 1612 et
441 1579 570 1612 ecclesie
586 1579 703 1611 Sancte
721 1578 842 1610 MAROE
859 1579 898 1610 de
916 1578 1071 1610 MARGAN
1090 1604 1096 1609 .
1115 1581 1147 1610 et
1161 1579 1326 1611 monachis
1338 1579 1459 1612 ibidem
1472 1579 1543 1612 Deo
1559 1580 1655 1612 servi-

165 1650 294 1682 entibus
309 1652 413 1682 totam
429 1660 535 1681 meam
550 1651 677 1691 partem
693 1652 776 1680 terre
793 1649 833 1680 de
850 1647 1071 1680 KILLECULIM
1098 1674 1104 1679 .
1128 1648 1248 1680 scilicet
1264 1651 1415 1691 quartam
1432 1652 1557 1691 partem
1573 1652 1657 1682 terre

164 1719 254 1752 illius
271 1745 277 1751 .
294 1719 327 1751 in
345 1730 461 1761 puram
477 1720 509 1750 et
525 1720 715 1761 perpetuam
731 1718 939 1750 elemosinam
957 1743 963 1749 .
982 1720 1018 1749 ut
1034 1717 1177 1750 habeant
1193 1721 1224 1750 et
1240 1720 1374 1750 teneant
1390 1730 1461 1750 eam
1473 1718 1608 1751 liberam
1625 1721 1657 1751 et

168 1790 311 1831 quietam
338 1788 378 1821 ab
406 1788 495 1820 omni
522 1788 655 1820 servicio
682 1791 714 1819 et
746 1788 979 1819 consuetudine
1010 1790 1043 1819 et
1074 1788 1240 1819 exactione
1271 1788 1406 1820 seculari
1439 1814 1445 1820 .
1478 1788 1559 1821 sicut
1590 1789 1658 1821 ulla

167 1858 342 1890 elemosina
365 1857 497 1890 liberius
519 1856 632 1889 haberi
655 1859 687 1889 et
710 1857 814 1889 teneri
837 1859 951 1899 potest.
1012 1856 1057 1888 Et
1081 1857 1248 1889 sciendum
1272 1858 1357 1898 quod
1383 1869 1444 1900 ego
1467 1860 1498 1890 et
1526 1857 1659 1890 heredes

167 1927 233 1959 mei
248 1938 343 1969 super
363 1927 546 1959 sanctuaria
569 1926 694 1969 prefate
718 1926 847 1958 ecclesie
870 1926 1052 1968 juravimus
1077 1951 1083 1957 .
1109 1927 1196 1968 quod
1213 1927 1239 1958 si
1255 1927 1387 1969 aliquod
1411 1927 1580 1959 servicium
1606 1929 1658 1960 vel

168 1995 314 2028 redditus
329 1996 371 2027 ad
387 1996 558 2037 coquinam
574 1995 625 2027 vel
641 1996 683 2028 ad
700 1995 789 2027 aliud
807 1995 931 2037 aliquid
953 1995 1136 2037 requiratur
1152 1996 1192 2028 de
1209 1996 1353 2038 predicta
1375 1999 1460 2028 terra
1478 2022 1483 2028 .
1502 2009 1559 2029 nos
1575 1997 1658 2030 illud

169 2065 302 2097 omnino
318 2064 578 2107 adquietabimus
595 2090 601 2096 .
619 2067 657 2097 ut
671 2065 816 2107 predicta
833 2065 967 2097 donacio
984 2064 1085 2097 libera
1101 2065 1231 2108 penitus
1247 2069 1279 2098 et
1295 2066 1406 2108 quieta
1428 2067 1660 2108 prenominatis

169 2133 336 2166 monachis
350 2136 525 2166 remaneat.
572 2134 629 2166 Set
651 2137 684 2167 et
708 2146 819 2166 omnes
842 2137 944 2167 terras
967 2146 1030 2177 que
1053 2138 1130 2167 sunt
1152 2135 1239 2167 infra
1263 2136 1418 2168 terminos
1441 2136 1659 2178 predictorum

169 2204 402 2236 monachorum
418 2204 536 2236 scilicet
553 2204 639 2236 inter
653 2204 784 2236 AUENE
801 2207 833 2236 et
850 2204 1023 2236 KENEFEG
1051 2205 1274 2247 abjuravimus
1297 2205 1546 2247 imperpetuum.
1594 2206 1660 2238 His

170 2273 315 2306 testibus.
363 2273 532 2305 ERNALDO
555 2273 792 2306 constabulario
809 2274 848 2306 de
865 2273 1037 2306 KENEFEG
1057 2300 1060 2305 .
1081 2274 1266 2307 STEPHANO
1285 2275 1398 2307 clerico
1416 2301 1421 2306 .
1441 2275 1597 2307 Rrenzno
1621 2277 1661 2308 de

327 2379 381 2406 21⁴:
