1998 2724
368 154 430 185 632

323 322 515 345 curaremus.
564 312 650 348 Quia
676 325 751 346 vero
777 313 923 355 ejusdem
946 314 1067 346 ordinis
1094 326 1181 347 sacra
1205 315 1319 358 religio
1344 316 1388 348 sic
1414 327 1470 348 vos
1493 317 1580 359 apud
1604 328 1663 349 nos
1685 317 1803 360 dignos

323 381 434 413 favore
450 382 617 415 constituit
630 409 636 415 .
651 384 686 415 ut
701 383 793 415 nobis
806 383 951 415 votivum
968 383 1086 416 existat
1103 410 1108 415 .
1127 395 1182 416 vos
1197 384 1238 416 ab
1254 384 1402 417 omnibus
1417 397 1474 427 per
1489 397 1551 428 que
1568 386 1657 418 vobis
1672 390 1802 429 possent

322 452 490 492 provenire
520 452 688 494 dispendia
720 453 919 485 .=i1nmunes
949 452 1064 485 libenti
1094 454 1202 486 animo
1232 465 1414 496 preservare
1448 481 1454 486 .
1488 455 1578 488 vobis
1607 456 1798 489 auctoritate

324 520 522 562 presentium
549 521 758 564 indulgemus
775 547 781 553 .
799 525 837 554 ut
859 522 1021 554 occasione
1044 523 1282 555 constitutionis
1304 523 1493 566 hujusmodi
1510 550 1516 556 .
1535 525 1663 557 nullum
1684 525 1804 559 eisdem

323 588 527 622 libertatibus
552 593 585 622 et
609 591 872 623 immunitatibus
897 591 932 623 in
949 595 1113 633 posterum
1128 591 1353 635 ‚prejudicium
1377 596 1559 636 generetur.
1606 594 1701 627 Nulli
1724 607 1802 639 ergo

325 659 456 691 omnino
487 659 657 692 hominum
687 660 782 692 liceat
812 660 895 692 hane
925 661 1079 703 paginam
1110 664 1217 694 nostre
1247 663 1456 695 concessionis
1486 663 1663 706 infringere
1692 664 1743 696 vel
1774 665 1804 697 ei

322 739 403 760 ausu
426 729 594 761 temerario
618 729 783 761 contraire.
830 729 938 772 Siquis
963 733 1072 762 autem
1095 730 1154 763 hoe
1177 733 1369 774 attemptare
1396 733 1624 775 presumpserit
1646 733 1798 776 indigna-

322 797 444 829 tionem
470 797 710 840 Omnipotcntis
736 799 799 831 Dei
830 801 862 831 et
893 800 1059 832 beatorum
1092 799 1199 832 Pmm
1225 803 1257 832 et
1282 800 1393 833 Pam
1424 802 1641 844 apostolorum
1668 802 1739 845 ejus
1769 814 1802 835 se

324 867 450 899 noverit
464 867 677 900 incursurum.

366 935 491 968 Datum
507 936 689 969 LATERANI
708 948 763 970 xv.
782 937 924 970 Kalend.
942 938 1055 970 Mai-tii
1074 964 1079 970 .
1100 938 1311 972 Pontificatus
1328 940 1429 972 nostri
1445 951 1530 972 anno
1546 940 1691 983 septimo.

368 1005 438 1038 The
454 1006 567 1038 lesden
585 1006 684 1039 Bulla
699 1007 726 1039 is
743 1008 901 1050 wanting.

365 1074 589 1107 Endorsed-—⁴
600 1076 789 1109 Alexander
828 1088 893 1109 1111.
934 1077 1048 1116 X1111.‚'
1081 1078 1146 1109 and
1179 1077 1296 1112 ‘Quod
1334 1089 1418 1110 nova
1455 1079 1641 1111 constitutio
1680 1080 1804 1112 domini

322 1143 505 1177 Innocentii
530 1171 536 1177 .
562 1157 643 1188 pape
668 1171 674 1178 .
701 1147 828 1178 nullum
854 1149 987 1189 generat
1014 1147 1229 1189 prejudicium
1255 1147 1518 1180 immunitatibus
1541 1150 1574 1180 et
1599 1147 1802 1181 libertatibus

322 1214 459 1246 nostris!
521 1214 563 1247 In
587 1227 606 1247 a
633 1216 729 1248 much
752 1216 834 1248 later
863 1217 1005 1248 hund—⁶
1020 1216 1238 1259 Indulgences
1264 1216 1351 1249 from
1376 1216 1465 1259 Pope
1491 1217 1679 1250 Alexander
1703 1217 1758 1250 the
1785 1218 1804 1249 5

322 1286 356 1315 to
379 1284 434 1316 the
455 1284 604 1317 Convent
626 1285 660 1318 of
683 1285 858 1328 Margam.'
1649 1302 1667 1312 ‘

1010 1443 1121 1477 DOII.

325 1523 456 1556 BULL
494 1524 553 1557 OF
591 1525 714 1557 POPE
748 1525 1054 1559 ALEXANDER.
1094 1526 1195 1565 1111„
1230 1526 1535 1559 CONFIRMING
1573 1527 1672 1560 THE
1711 1527 1808 1560 POS-

434 1593 625 1626 SESSION
664 1594 732 1635 OF,
772 1596 874 1628 AND
915 1595 1227 1628 OONFERRING
1264 1595 1475 1629 VARIOUS
1519 1596 1807 1630 PRIVILEGES

434 1662 576 1702 UPON,
616 1663 827 1698 MARGAM
866 1665 1039 1697 ABBEY.

872 1747 1043 1790 [MARGAM
1070 1747 1265 1790 Humerum]

845 1830 864 1861 3
888 1829 1028 1868 Minoa,
1055 1832 1121 1861 Tm
1147 1829 1258 1862 Yam.
1320 1829 1408 1862 A.D.
1436 1831 1520 1861 1260
1549 1831 1626 1872 (Fon
1652 1830 1762 1872 1261).

368 1910 587 1941 ALEXANDER
610 1911 775 1953 episcopus
796 1923 905 1943 servus
924 1923 1086 1943 servorum
1111 1911 1174 1943 Dei
1192 1937 1198 1943 .
1217 1911 1341 1943 dileetis
1364 1911 1439 1944 filiis
1457 1937 1462 1944 .
1486 1912 1595 1944 abbati
1618 1912 1805 1944 monasterii

328 1978 438 2011 Sancti
469 1978 590 2010 Mnus
622 1979 661 2011 de
693 1979 849 2011 MARGAN
882 1980 1017 2023 ejusque
1050 1980 1204 2011 frutribus
1235 1985 1301 2012 tam
1334 1980 1535 2023 presentibus
1565 1992 1663 2023 quam
1693 1981 1812 2013 futuris

328 2048 509 2090 regularem
526 2048 625 2080 vitam
642 2049 792 2090 professis
810 2075 816 2081 .
834 2050 867 2081 in
885 2053 1085 2091 perpetuum.

374 2117 572 2160 Religiosam
596 2118 697 2150 vitam
719 2119 914 2161 eligentibus
933 2119 1144 2161 apostolicum
1166 2120 1315 2152 convenit
1336 2121 1445 2152 adesse
1468 2120 1644 2162 presidium
1666 2131 1706 2152 ne
1728 2120 1811 2152 forte

329 2186 502 2229 cujuslibet
524 2187 715 2220 temeritatis
738 2187 883 2220 incursus
907 2191 963 2220 aut
985 2201 1037 2219 eos
1055 2201 1072 2220 ιι
1094 2188 1255 2230 proposito
1270 2192 1396 2221 revocet
1413 2214 1420 2221 .
1437 2191 1494 2221 aut
1514 2189 1611 2221 robur
1627 2189 1713 2231 quod
1729 2188 1812 2221 absit

330 2267 415 2288 sacre
431 2256 598 2298 religionis
614 2256 774 2299 infringat
793 2283 798 2288 .
818 2257 868 2289 En.
889 2261 1019 2299 prtmtcr
1042 2258 1150 2289 dilecti
1168 2258 1201 2289 in
1227 2258 1370 2290 Domino
1385 2258 1444 2290 filii
1463 2258 1576 2290 vestris
1591 2257 1688 2300 justis
1702 2260 1811 2300 postu-
