1998 2724
1554 127 1618 159 283

185 287 369 321 GILIBERTI
387 286 598 330 GRAMM[US]
626 289 658 319 et
681 287 837 320 heredum
862 286 932 330 ejus
951 286 1189 329 quinquaginta
1205 297 1301 318 acras.
1350 285 1402 317 Ex
1431 286 1515 318 dono
1543 284 1660 317 Gsscm

180 357 240 389 filii
261 356 395 389 CADIAN
417 356 536 399 viginti
556 367 644 388 acras
662 382 667 388 .
686 358 718 388 et
732 356 943 399 possessiones
965 367 1044 398 quas
1068 355 1193 388 habetis
1216 367 1255 387 ex
1282 356 1367 388 dono
1387 355 1598 398 burgensium
1620 355 1659 387 de

183 425 355 459 KENEFEG
373 452 379 458 .
398 428 430 458 et
445 425 619 458 liberorum
635 424 866 458 WALENsmM.
912 425 965 458 Ex
982 426 1066 458 dono
1078 424 1257 457 GALFRmo
1268 423 1443 467 S[T]URM1
1457 425 1489 456 et
1501 423 1658 456 heredum

181 494 274 538 ejus.
292 497 412 527 terram
427 493 560 527 STURM1
577 505 650 526 cum
666 493 814 527 omnibus
829 494 1033 537 pertinentiis
1059 494 1133 527 suis.
1182 493 1316 526 Terram
1343 494 1383 526 de
1415 493 1657 525 HAUEDHALOC

185 575 259 596 cum
274 563 423 596 omnibus
438 562 642 606 pertinentiis
657 562 730 595 suis.
780 562 996 595 Possessiones
1012 574 1091 606 quas
1105 562 1231 595 habetis
1241 562 1326 595 inter
1336 562 1473 595 fluvium
1485 562 1657 594 KENEFEG

181 635 214 665 et
229 635 373 665 montem
388 632 537 664 BAIBAN.
584 631 638 663 Ex
653 632 738 664 dono
754 631 943 665 WILLELMI
960 631 1116 664 SCURLAG
1140 631 1272 664 feodum
1297 632 1336 663 de
1361 631 1555 663 LANDGEWI
1585 642 1657 663 cum

180 702 386 745 pertinentiis
415 701 489 734 suis.
552 701 605 733 Ex
636 701 721 733 dono
747 700 883 732 PAGAm
905 701 944 733 de
962 700 1211 733 TURBERx'imA
1242 702 1372 733 centum
1402 713 1490 733 acras
1516 703 1600 733 terre
1622 701 1657 733 in

183 769 384 803 commum.
432 770 486 802 Ex
502 771 586 803 dono
609 769 736 802 ΤΗΟΜΕ
757 769 917 802 LAGELEs
947 796 952 802 .
979 773 1108 802 centiun
1131 781 1229 802 acras.
1276 769 1411 802 Terram
1438 769 1657 802 KILLECULIN

182 851 256 872 cum
270 839 475 883 pertinentiis
487 840 561 872 suis.
597 839 650 871 Ex
667 840 751 872 dono
768 838 923 871 HENRICI
941 840 980 871 de
996 839 1248 871 UMFRAMVILL'
1261 841 1390 872 centum
1407 841 1439 871 et
1451 839 1658 882 septuaginta

178 921 267 942 acras
282 912 374 942 terre.
422 909 474 941 Ex
487 910 572 941 dono
589 908 752 941 Hnooms
768 908 807 941 de
824 907 1061 941 LANDCARUAN
1078 908 1215 951 triginta
1238 910 1271 940 et
1295 908 1437 951 quinque
1461 920 1557 941 acras.
1605 908 1658 940 Ex

179 979 264 1012 dono
307 979 459 1012 WLGANI
490 978 530 1010 de
559 978 797 1010 PENDEWELIN
835 1004 841 1010 .
871 978 1040 1010 duodecim
1067 989 1163 1010 acras.
1220 977 1274 1010 Ex
1301 978 1385 1010 dono
1412 977 1587 1011 JouANms
1618 978 1658 1010 de

179 1048 385 1081 BONEerLA
403 1074 409 1080 .
427 1048 564 1091 triginta
590 1059 686 1080 acras
734 1047 787 1079 Ex
813 1048 896 1080 dono
924 1047 1113 1081 Winmzmss
1140 1047 1337 1079 Cirrmifflm
1364 1047 1534 1080 duodecim
1559 1059 1655 1080 acras.

180 1117 234 1150 Ex
249 1119 334 1150 dono
349 1117 630 1150 TEMPLARIORUM
647 1116 864 1160 quadraginta
879 1128 975 1149 acras.
1023 1116 1155 1149 Terram
1172 1116 1355 1149 Pummoss
1367 1128 1440 1149 cum
1455 1117 1658 1159 pertinentiis

178 1187 252 1220 suis.
313 1187 493 1230 Grangiam
519 1186 715 1219 RossAULm
739 1198 813 1219 cum
836 1186 1040 1229 pertinentiis
1065 1186 1138 1219 suis
1188 1186 1406 1219 Possessiones
1428 1198 1507 1229 quas
1532 1186 1658 1219 habetis

179 1257 215 1289 in
246 1256 401 1289 MAR1sco
432 1256 472 1288 de
501 1256 639 1288 Anam.
701 1255 914 1289 Communem
947 1258 1112 1298 pastinum
1138 1256 1223 1289 inter
1238 1255 1355 1289 Nmn’
1378 1282 1384 1288 .
1410 1258 1442 1288 et
1470 1255 1565 1288 Tm
1588 1282 1594 1287 .
1622 1256 1656 1288 in

179 1324 272 1358 bosco
288 1328 320 1358 et
340 1326 373 1357 in
390 1325 497 1368 plano.
531 1324 573 1357 In
597 1324 769 1357 KENEFEG
792 1325 994 1369 mesuagium
1022 1337 1132 1357 unum.
1180 1325 1280 1367 Apud
1306 1324 1529 1358 BRIsTOLLUM
1553 1337 1657 1357 mesu-

179 1394 254 1438 agia
269 1395 342 1428 duo.
389 1394 491 1437 Apud
516 1393 796 1427 NOVUMRURGUM
822 1420 829 1427 .
855 1395 1057 1438 mesuagium
1084 1406 1195 1426 unum.
1242 1394 1413 1437 Mesuagia
1446 1405 1506 1437 que
1532 1393 1658 1427 habetis

178 1464 214 1496 in
229 1464 307 1496 villa
322 1464 363 1496 de
379 1463 511 1496 Ommr
535 1465 568 1495 et
592 1464 803 1506 possessiones
826 1466 947 1497 vestras
972 1464 1006 1496 in
1030 1464 1190 1496 territorio
1207 1463 1278 1506 ejus
1302 1490 1308 1495 .
1332 1475 1405 1496 cum
1432 1463 1534 1506 pratis
1560 1464 1655 1496 terris

182 1532 365 1565 nemoribus
386 1534 559 1577 mesuagiis
580 1536 612 1566 et
627 1534 752 1577 pascuis
776 1559 782 1566 .
809 1534 843 1566 in
870 1533 963 1566 bosco
988 1536 1020 1566 et
1044 1533 1142 1576 plano
1171 1556 1177 1563 .
1204 1533 1238 1565 in
1265 1533 1356 1575 aquis
1382 1534 1414 1565 et
1438 1533 1655 1566 molendinis.

179 1601 214 1634 in
230 1602 290 1634 viis
314 1604 346 1634 et
367 1602 489 1635 semitis
513 1628 520 1635 .
543 1605 576 1635 et
598 1602 747 1635 omnibus
771 1603 843 1635 aliis
869 1602 1073 1635 libertatibus
1099 1606 1129 1634 et
1159 1601 1419 1634 immunitatibus
1446 1602 1484 1634 ad
1514 1602 1657 1645 predicta

180 1670 249 1702 loca
264 1673 369 1703 vestra
384 1672 611 1713 spectantibus.

222 1739 306 1772 Sane
330 1739 477 1773 laborum
502 1743 682 1773 vestrorum
698 1753 777 1784 quos
793 1741 929 1784 propriis
945 1740 1095 1773 manibus
1118 1743 1174 1772 aut
1197 1739 1378 1783 sumptibus
1399 1740 1502 1772 colitis
1524 1744 1592 1772 tam
1617 1741 1656 1772 de

176 1808 271 1841 terris
287 1809 381 1841 cultis
397 1821 495 1851 quam
510 1810 642 1843 incultis
657 1810 724 1843 sive
739 1811 779 1843 de
795 1810 873 1843 ortis
888 1813 920 1842 et
936 1809 1087 1852 virgultis
1103 1812 1134 1841 et
1150 1808 1380 1852 piscationibus
1389 1809 1503 1842 vestris
1520 1836 1526 1841 .
1545 1810 1596 1842 vel
1612 1811 1652 1842 de

178 1878 385 1910 nutrimentis
401 1878 592 1911 animalium
608 1884 786 1912 vestrorum
812 1879 921 1912 nullus
937 1891 957 1911 a
972 1878 1062 1911 vobis
1081 1878 1219 1911 decimas
1243 1878 1372 1921 exigere
1394 1879 1444 1910 vel
1467 1881 1655 1921 extorquere

176 1949 348 1990 presumat.
395 1947 508 1980 Liceat
525 1959 652 1990 quoque
667 1948 756 1980 vobis
777 1946 905 1980 clericos
929 1948 980 1980 vel
1000 1948 1097 1980 laicos
1118 1947 1234 1980 liberos
1261 1949 1292 1979 et
1320 1947 1482 1980 absolutos
1507 1959 1524 1979 c
1549 1948 1653 1980 seculo

175 2015 339 2059 fugientes
354 2018 396 2048 ad
413 2017 651 2050 conversionem
665 2017 803 2060 recipere
821 2043 827 2049 .
845 2019 876 2049 et
889 2029 941 2050 eos
957 2016 1076 2059 absque
1099 2016 1349 2049 contradictione
1374 2016 1483 2058 aliqua
1505 2017 1651 2048 retinere.

175 2084 388 2117 Prohibemus
412 2085 541 2129 insuper
564 2089 600 2118 ut
613 2086 696 2118 nulli
712 2086 850 2119 flatrum
866 2088 1045 2119 vestromun
1060 2088 1131 2129 post
1154 2085 1274 2118 factam
1291 2086 1324 2117 in
1341 2085 1534 2118 monasterio
1550 2088 1654 2118 vestro

175 2152 406 2195 professionem
421 2154 471 2186 fas
483 2154 525 2186 sit
540 2154 659 2197 absque
675 2155 801 2188 abbatis
816 2155 866 2187 sui
881 2155 1011 2188 licentia
1034 2156 1074 2187 de
1101 2155 1213 2187 eodem
1234 2155 1302 2187 loeo
1330 2154 1490 2187 discedere
1520 2180 1526 2186 .
1554 2154 1653 2186 disce-

174 2222 306 2254 dentem
332 2233 407 2255 vero
434 2223 553 2266 absque
575 2225 794 2257 communium
821 2225 1003 2257 litterarum
1027 2227 1205 2257 vestrarum
1229 2223 1375 2256 cautione
1401 2223 1512 2255 nullus
1538 2224 1656 2255 audeat
