1998 2724
373 177 437 209 576

978 333 1162 367 DXLVII.

329 415 671 448 DEOLARATION
712 415 771 447 OF
803 415 1035 456 WILLIAM,
1067 415 1242 448 BISHOP
1273 416 1332 449 OF
1370 416 1642 456 LLANDAFF,
1674 416 1805 450 ΤΗΑΤ

518 485 587 517 ΗΕ
620 485 778 518 HOLDS
810 485 869 518 OF
900 485 999 518 THE
1031 485 1154 518 KING
1184 485 1239 518 IN
1271 485 1442 519 OAPITE
1473 485 1613 519 ONLY.

734 567 879 608 [Gomon
903 567 999 600 MSS.
1047 567 1124 600 Vm.
1150 567 1233 601 QX.
1260 568 1283 600 f.
1310 568 1401 611 177.]

945 649 1053 681 Mica.
1079 649 1190 682 TERM.
1252 650 1352 682 34-35
1384 649 1516 682 HENRY
1546 649 1615 682 III.
1664 650 1758 682 1250.

326 731 381 763 DE
413 742 567 763 Tssmssxo
600 731 722 764 SANc‘rl
752 731 949 763 Mlcffifflms
982 742 1075 763 ANNO
1110 742 1228 763 xxxn'.
1264 742 1460 763 mciPlENTE
1492 742 1595 763 xxxv.
1625 731 1772 764 WAmA
1795 757 1803 764 .

867 799 1013 832 LANDAF
1038 826 1045 832 .
1070 800 1262 833 AUSTURUS.

367 869 583 903 WILLELMUS
607 869 772 911 episcopus
795 868 1039 901 LANDAVENSIS
1061 869 1150 901 venit
1173 881 1279 902 coram
1299 869 1430 901 domino
1449 880 1524 912 rege
1545 871 1577 901 et
1599 869 1749 912 cognovit
1770 872 1802 902 ct

326 938 477 971 concessit
499 939 585 980 quod
608 938 676 980 ipse
700 938 782 970 nihi]
806 940 895 970 tenet
918 939 957 970 de
981 938 1088 981 aliquo
1111 938 1146 970 in
1169 938 1353 981 episcopatu
1369 949 1426 970 suo
1449 938 1488 970 de
1515 937 1662 970 LANDAF
1681 938 1743 970 nisi
1764 938 1804 971 de

324 1008 454 1040 domino
479 1008 570 1050 Rege
595 1008 629 1039 in
657 1008 770 1050 capite.
818 1007 863 1040 Et
887 1019 982 1050 super
1004 1008 1064 1040 hoc
1089 1007 1177 1040 venit
1201 1007 1241 1040 R.
1267 1018 1372 1039 comes
1396 1006 1629 1039 GLOUCESTROE
1653 1010 1685 1040 ot
1708 1007 1803 1040 offert

323 1077 453 1109 domino
470 1076 555 1120 Regi
572 1088 673 1108 unum
690 1077 870 1109 austurium
886 1088 993 1109 sorum
1010 1089 1067 1120 pro
1083 1077 1126 1109 sic
1143 1077 1229 1119 quod
1251 1077 1456 1115 inrotuletur,
1473 1079 1505 1108 et
1521 1076 1682 1119 recipitur.

959 1266 1164 1300 DXLVIII.

323 1348 485 1381 GRANT
517 1348 582 1380 BY
613 1347 842 1380 BROTHER
878 1348 1073 1380 THOMAS
1104 1348 1168 1380 DE
1200 1347 1612 1387 PORTEGHEWETH,
1644 1346 1800 1380 ABBOT

432 1417 491 1449 OF
536 1416 757 1456 MARGAM,
797 1416 855 1449 ΤΟ
902 1416 1133 1455 RIGHARD,
1172 1416 1261 1449 SON
1300 1416 1359 1448 OF
1398 1416 1549 1448 JAMES
1587 1415 1702 1455 MEY,
1741 1415 1801 1448 OF

431 1486 778 1525 CARMARTHEN,
819 1486 879 1518 OF
918 1486 951 1519 A
989 1486 1219 1519 BURGAGE
1262 1485 1315 1518 IN
1355 1485 1630 1525 KIDWELLY,
1669 1484 1732 1517 AT
1768 1485 1802 1517 A

431 1556 631 1588 YEARLY
662 1555 792 1588 RENT
824 1556 883 1588 OF
915 1556 1044 1588 FOUR
1075 1555 1342 1588 SHILLINGS.

865 1638 1041 1681 [MARGAM
1065 1637 1259 1680 CHARTER]
1396 1637 1499 1670 QRCA
1526 1637 1751 1669 1250—1270.

362 1720 474 1753 Sciant
504 1732 533 1762 p.
564 1724 596 1752 et
627 1720 649 1751 f.
679 1732 709 1762 q.
739 1731 798 1762 ego
826 1720 927 1752 frater
954 1719 1098 1752 Tnoms
1126 1720 1165 1751 dc
1194 1719 1480 1751 Pomsscusswmu
1508 1719 1613 1751 dictus
1637 1717 1735 1750 abbas
1759 1719 1799 1750 de

321 1790 473 1821 MARGAN
500 1793 530 1821 ct
556 1789 699 1831 ejusdem
723 1789 782 1821 loci
811 1792 987 1821 conventus
1010 1789 1157 1821 dedimus
1182 1789 1393 1821 concessimus
1416 1791 1447 1820 et
1475 1788 1505 1820 h.
1528 1799 1558 1831 p.
1580 1799 1605 1820 c.
1631 1799 1663 1819 n.
1686 1787 1798 1819 confir-

320 1859 478 1890 mavimus
506 1858 661 1890 RICARno
687 1858 752 1890 filio
777 1858 896 1890 JACOBI
923 1857 1004 1889 ΜΕΥ
1026 1858 1066 1889 de
1088 1857 1305 1889 KERMERDIN
1331 1860 1364 1889 et
1388 1857 1419 1888 h.
1449 1868 1471 1889 s.
1503 1857 1553 1888 vel
1580 1867 1603 1888 s.
1629 1856 1800 1898 assignatis

320 1928 515 1970 burgagium
540 1932 684 1959 nostrum
701 1928 787 1969 quod
804 1926 958 1959 habemus
974 1927 1007 1958 iu
1025 1926 1104 1958 villa
1120 1927 1159 1958 de
1182 1925 1353 1958 Kunwml
1371 1936 1443 1958 cum
1460 1925 1600 1967 quodam
1616 1924 1798 1967 curtillagio

317 2000 349 2028 et
372 2000 463 2038 prato
485 1997 527 2028 ud
548 1996 670 2028 dictum
697 1996 890 2038 burgagium
916 1995 1151 2038 pcrtinentibus
1177 2021 1183 2026 .
1206 1995 1383 2026 teuendmn
1398 1997 1431 2026 et
1446 1993 1632 2026 habendum
1648 1993 1688 2025 de
1706 1992 1798 2025 nobis

318 2067 384 2108 ipsc
415 2070 447 2097 et
478 2065 608 2097 heredes
639 2065 688 2097 sui
720 2065 770 2096 vel
801 2065 851 2097 sui
882 2064 1037 2107 assignati
1069 2064 1088 2096 l.
1122 2075 1151 2106 q.
1185 2075 1215 2106 p.
1249 2063 1477 2106 inperpetuum
1507 2063 1670 2095 reddendo
1706 2061 1799 2094 uobis

318 2135 393 2166 inde
423 2134 593 2166 aunuatim
626 2134 693 2176 ipse
725 2141 756 2166 et
784 2134 814 2166 h.
842 2145 865 2166 s.
893 2134 943 2165 vel
970 2145 994 2165 s.
1023 2145 1050 2165 a.
1080 2136 1219 2176 quatuor
1246 2132 1363 2165 solidos
1390 2131 1620 2174 sterlingorum
1650 2131 1685 2162 in
1716 2130 1798 2162 festo

318 2203 426 2235 Sancti
453 2203 647 2235 Munna-m
670 2215 726 2246 pro
748 2204 836 2236 omui
861 2204 991 2235 servicio
1016 2203 1149 2234 seculari
1174 2228 1180 2234 .
1207 2201 1376 2234 exaccione
1400 2204 1431 2233 et
1455 2200 1624 2232 demanda.
1671 2198 1716 2231 Et
1740 2210 1798 2231 nos

317 2273 495 2314 predictum
526 2272 724 2314 burgagium
756 2285 828 2304 cum
862 2272 1012 2314 predictis
1039 2271 1209 2313 curtilagio
1241 2273 1272 2302 ct
1305 2274 1394 2312 prato
1419 2269 1561 2312 predicto
1586 2268 1743 2300 Rchxmo
1767 2270 1800 2300 et
