1998 2724
1495 146 1557 176 379

722 301 1005 334 CCCLXXXIV.

127 383 435 416 ABJURATION
496 383 559 416 BY
621 383 816 416 MEURIK
881 384 944 416 AB
1011 383 1248 416 TRAHARN
1314 383 1373 415 OF
1438 382 1603 416 TALES-

235 452 547 492 CHANLHERE,
617 453 669 484 IN
742 453 1086 492 EGLISKEINUR,
1153 453 1205 484 IN
1281 452 1476 485 FAVOUR
1544 452 1604 483 OF

234 522 444 555 MARGAM
498 521 671 555 ABBEY.

668 584 840 628 [MARGAM
865 584 1059 627 CHARTER.]

169 667 340 699 Universis
367 667 428 699 GH.
456 668 478 699 f.
512 680 541 709 p.
574 678 596 698 s.
625 679 653 698 v.
682 667 731 699 vel
759 667 918 699 audituris
944 692 950 698 .
978 666 1119 698 Mssmuc
1144 666 1184 698 ab
1209 665 1380 698 TRAHARN
1405 666 1542 698 salutem
1568 666 1602 697 in

124 736 275 768 Domino.

170 805 329 837 Novmm
344 805 536 837 universitas
556 809 660 837 vestra
684 806 770 847 quod
792 816 853 847 ego
876 805 1006 837 consilio
1030 808 1061 836 et
1081 816 1235 837 consensu
1261 804 1437 836 amicorum
1458 815 1603 836 meorum

125 875 263 906 concessi
275 879 305 906 et
316 875 444 917 quitum
453 874 589 906 clamavi
601 878 634 906 et
646 874 794 917 abjuravi
808 878 839 906 et
856 874 915 906 hae
931 874 1071 916 presenti
1087 876 1174 905 carta
1190 873 1376 906 confirmavi
1392 872 1463 905 Deo
1479 876 1512 905 et
1528 884 1554 906 e.
1568 872 1599 904 b.

124 943 171 975 M.
189 944 229 975 de
244 943 399 975 MARGAN
416 947 449 975 et
466 955 505 975 m.
523 943 565 976 ib.
584 943 654 975 Deo
672 955 694 975 s.
707 946 812 975 totum
827 943 881 986 jus
896 955 1005 975 meum
1022 947 1053 975 et
1063 948 1168 975 totum
1181 943 1333 975 olamium
1349 943 1436 984 quod
1452 941 1551 974 habui
1566 942 1601 973 in

125 1015 210 1045 terra
220 1013 276 1044 illa
286 1013 326 1045 de
339 1013 582 1045 EGLISKEINUR
592 1024 654 1055 que
664 1013 846 1055 appellatur
856 1012 1177 1044 TALESGHANLHERE
1190 1023 1251 1054 que
1264 1012 1349 1054 jacet
1361 1012 1446 1043 inter
1458 1011 1601 1043 rivulum

124 1082 179 1124 qui
195 1082 376 1124 appellatur
391 1082 561 1114 NANTKHI
578 1086 610 1114 et
626 1093 743 1124 aquam
759 1083 799 1114 de
817 1082 1014 1114 UGGEMORE
1034 1108 1038 1112 .
1058 1082 1176 1113 scilicet
1194 1081 1347 1123 quicquid
1372 1092 1432 1123 ego
1455 1084 1487 1112 et
1510 1083 1600 1112 ante-

126 1163 261 1183 cessores
275 1152 338 1183 mei
355 1163 497 1194 unquam
514 1151 687 1184 habuimus
702 1153 788 1184 inter
805 1163 922 1193 aquam
939 1153 978 1183 de
996 1151 1126 1183 GARWE
1143 1154 1173 1181 e‘r
1198 1161 1315 1192 aquam
1338 1150 1377 1182 de
1399 1149 1599 1181 UGGEMORE

122 1220 261 1253 inbosco
278 1222 328 1253 vel
343 1221 363 1253 i.
381 1232 411 1264 p.
429 1224 466 1253 ut
482 1221 513 1253 h.
531 1226 564 1253 et
579 1224 601 1253 t.
619 1222 650 1253 d.
667 1233 709 1253 m.
734 1221 765 1253 d.
791 1224 813 1253 t.
840 1221 861 1252 l.
887 1226 919 1253 et
942 1233 971 1262 q.
997 1223 1030 1252 et
1054 1233 1083 1261 p.
1112 1226 1158 1261 (as
1181 1220 1215 1251 in
1241 1219 1303 1251 No.
1331 1218 1595 1260 CCCLXXVI.)

122 1301 180 1332 pro
195 1301 246 1322 me
262 1293 294 1322 et
310 1289 458 1322 omnibus
473 1289 644 1322 heredibus
666 1291 746 1322 meis
771 1290 852 1322 sicut
878 1289 983 1321 ullum
1009 1290 1228 1321 tenementum
1254 1288 1303 1319 vel
1333 1288 1399 1319 ulla
1425 1288 1600 1319 elemosina

123 1358 255 1391 liberius
271 1358 380 1391 haberi
395 1362 499 1401 potest
514 1359 565 1391 vel
580 1360 693 1392 teneri.
741 1359 787 1391 Et
802 1359 969 1391 sciendum
985 1358 1071 1400 quod
1086 1369 1147 1400 ego
1170 1357 1298 1389 affidavi
1321 1360 1353 1389 et
1377 1368 1472 1398 super
1495 1367 1598 1388 sacro-

121 1431 231 1460 sancta
246 1428 374 1460 ecclesie
389 1429 429 1460 de
444 1428 598 1460 MARGAM
608 1428 716 1471 juravi
728 1429 815 1471 quod
830 1428 926 1460 istam
943 1428 1175 1460 concessionem
1187 1430 1219 1459 et
1233 1426 1357 1468 quitam
1370 1426 1597 1458 clamationem

120 1497 259 1529 fideliter
274 1500 306 1529 et
322 1498 388 1529 sine
404 1498 477 1530 dolo
494 1497 625 1530 servabo
641 1502 673 1529 et
690 1502 801 1529 contra
816 1509 927 1529 omnes
939 1497 1085 1529 homines
1097 1496 1190 1528 dietis
1203 1495 1368 1528 monachis
1381 1494 1596 1527 warantizabo

118 1566 153 1597 in
169 1568 368 1608 perpetuum.

162 1635 361 1667 Entitled-—‘
372 1635 548 1677 Abjuratio
564 1636 694 1668 Meurik
710 1636 751 1667 ab
768 1635 914 1667 Traharn
931 1636 971 1667 de
987 1638 1071 1666 terra
1087 1635 1127 1666 de
1144 1633 1395 1676 Egliskeinwir.'

721 1779 985 1812 OOCLXXXV.

216 1861 523 1894 ABJURATION
555 1862 620 1894 BY
651 1862 820 1895 PHILIP
850 1861 914 1894 AB
946 1861 1096 1894 SEISIL
1128 1861 1186 1892 OF
1218 1861 1316 1893 THE
1348 1860 1484 1893 SAME.

655 1943 833 1987 [MARGAM
856 1944 1048 1984 CHARTER]

158 2025 324 2058 Universis
350 2025 491 2058 Onmsn
507 2026 531 2059 f.
548 2038 578 2068 p.
597 2038 620 2057 s.
639 2037 667 2057 v.
686 2026 737 2057 vel
758 2025 917 2057 audituris
942 2051 947 2056 .
975 2024 1165 2056 Pmmpus
1191 2024 1230 2056 ab
1255 2024 1367 2056 Sss1s1L
1393 2024 1528 2056 salutem
1553 2024 1587 2056 in

112 2094 264 2126 Domino.

154 2163 291 2196 Noverit
320 2163 512 2195 universitas
536 2166 640 2196 ves‘cra
666 2165 752 2205 quod
777 2175 838 2206 ego
863 2163 995 2195 consilio
1020 2163 1195 2195 amicorum
1222 2173 1367 2194 meorum
1392 2163 1530 2194 concessi
1555 2165 1586 2194 et

110 2233 234 2274 quitam
251 2233 385 2264 clamavi
401 2237 433 2264 et
449 2232 597 2275 abjuravi
624 2259 629 2264 .
655 2236 687 2265 et
703 2233 762 2265 hac
778 2233 921 2275 presenti
936 2235 1023 2265 carta
1039 2232 1224 2264 confirmavi
1241 2231 1311 2263 Deo
1328 2234 1360 2263 et
1376 2243 1419 2263 ec.
1433 2231 1463 2263 b.
1481 2231 1528 2263 M.
1546 2232 1586 2264 de
