1998 2724
1542 165 1600 196 491

175 324 295 356 dictam
311 323 435 366 quitam
451 322 676 355 clamationem
698 322 803 355 dictus
819 322 998 355 avunculus
1022 324 1129 354 noster
1145 322 1234 354 dedit
1258 321 1350 354 nobis
1372 322 1514 364 quinque
1530 333 1652 354 marcas

177 393 405 435 sterlingorum
416 403 474 434 per
488 402 622 423 manum
633 391 864 424 monachorum
879 392 918 424 de
934 391 1089 423 MARGAN
1105 402 1171 423 non
1187 402 1244 434 pro
1259 391 1332 434 jure
1345 391 1432 433 quod
1446 390 1653 423 habuerimus

176 462 210 494 in
227 461 341 493 clamio
363 463 472 493 nostro
494 463 541 493 set
557 461 633 503 quia
656 463 788 503 nepotes
802 461 874 504 ejus
896 461 1018 493 fuimus
1039 464 1072 493 et
1091 461 1193 493 voluit
1216 471 1274 493 nos
1292 472 1487 503 promovere.
1534 460 1580 492 Et
1595 460 1654 492 hoc

175 533 280 563 totum
313 531 435 563 factum
465 533 513 562 est
544 541 629 562 anno
661 530 796 562 Domini
830 529 1000 562 millesimo
1035 530 1253 562 ducentesimo
1284 530 1443 562 tricesimo
1475 532 1589 572 quarto
1620 530 1654 562 in

174 600 354 643 septimana
370 599 573 631 Pentecostes
588 600 623 630 in
640 599 769 631 eeclesia
785 600 824 631 de
841 598 987 631 LANDAF
1004 610 1110 631 coram
1125 599 1256 631 domino
1272 599 1312 632 E.
1327 602 1404 632 tunc
1420 598 1655 631 LANDAVENSE

175 669 321 711 episcopo
336 671 368 701 et
384 668 560 700 MAURICIO
576 668 799 700 archidiacono
820 672 853 700 et
869 668 980 701 multis
994 671 1063 700 tam
1087 668 1246 700 canonicis
1262 680 1359 711 quam
1375 668 1496 700 clericis
1510 668 1657 711 ejusdem

177 738 304 770 ecclesie
318 763 324 769 .
340 740 373 769 et
386 748 493 769 coram
505 737 596 769 REso
608 737 675 769 filio
688 736 855 769 GR1FF1N1
869 741 901 769 et
914 738 1026 770 multis
1037 738 1127 770 aliis.
1142 738 1301 770 existente
1312 739 1424 770 eodem
1437 738 1659 770 archidiacono

177 810 381 849 procuratore
412 806 489 838 dieti
520 807 672 838 avunculi
703 807 805 839 nostri
836 818 902 838 una
932 818 1005 839 cum
1036 807 1136 839 firatre
1167 807 1189 840 J
1191 818 1334 839 OHANNE
1365 810 1443 839 tunc
1474 806 1589 840 abbate
1619 808 1660 839 de

178 876 343 908 MARGAN.
391 875 437 908 Et
463 876 539 918 quia
565 876 696 918 propria
723 876 830 919 sigilla
855 887 919 908 non
945 875 1117 908 habuimus
1142 876 1286 919 sigillum
1311 876 1435 910 domini
1463 876 1560 908 ELYE
1583 879 1662 909 tunc

177 944 421 977 LANDAVENffls
447 944 586 987 episcopi
611 947 642 976 et
667 944 812 987 sigillum
835 944 968 987 capituli
991 945 1138 987 ejusdem
1161 945 1289 978 ecclesie
1312 946 1453 988 presenti
1479 946 1596 988 scripto
1621 956 1661 977 ex

178 1016 269 1056 parte
300 1016 408 1046 nostra
439 1014 585 1057 apposita
617 1017 692 1046 sunt
723 1015 765 1046 ad
795 1014 988 1056 peticionem
1020 1016 1172 1046 nostram.
1230 1014 1274 1046 Et
1309 1014 1455 1057 sigillum
1489 1014 1661 1046 MAUmcn

178 1083 394 1115 archidiaconi
418 1085 450 1115 et
475 1083 620 1126 sigillum
646 1083 668 1115 J
670 1094 821 1115 OHANNIS
845 1081 971 1115 abbatis
996 1083 1035 1115 de
1062 1082 1217 1115 MARGAN
1241 1086 1483 1126 procuratorum
1509 1083 1662 1115 avunculi

178 1152 280 1184 nostri
311 1152 456 1194 apposita
486 1154 562 1184 sunt
592 1152 696 1184 eidem
729 1151 845 1194 scripto
875 1163 915 1183 ex
946 1154 1036 1194 parte
1070 1152 1215 1194 ejusdem
1244 1152 1395 1184 avunculi
1426 1152 1536 1184 nostri.
1585 1151 1664 1184 Hiis

181 1220 316 1254 testibus
333 1247 339 1252 .
357 1221 488 1253 domino
499 1220 595 1253 ELYA
609 1223 687 1253 tunc
700 1221 847 1264 episcopo
863 1220 1098 1253 LANDAVENSE
1118 1247 1123 1252 .
1142 1221 1320 1253 MAURICIO
1335 1223 1412 1253 tunc
1434 1220 1664 1253 archidiacono

179 1289 412 1322 LANDAVENSE
441 1316 447 1321 .
477 1290 654 1322 MAnmcIo
679 1289 812 1322 GOBION
835 1289 1033 1322 thesaurario
1062 1316 1067 1322 .
1101 1290 1266 1322 RAmrmo
1293 1291 1333 1322 de
1360 1290 1459 1322 Novo
1491 1289 1664 1322 CASTELLO

180 1359 331 1392 canonico
368 1358 603 1391 LANDAVENSE
636 1385 641 1390 .
675 1359 830 1402 magistro
866 1359 1043 1392 MAnmcm
1080 1361 1120 1392 (16
1158 1359 1420 1392 OmsTcHUchn
1460 1386 1464 1392 .
1508 1361 1663 1403 magistro

182 1428 336 1460 Pucinum
359 1428 399 1460 de
421 1427 588 1460 KERLIUN
606 1454 612 1459 .
631 1427 828 1460 REYMUNDO
851 1429 891 1461 (16
915 1428 1007 1461 Sum
1025 1454 1031 1461 .
1050 1429 1246 1462 WILLELMO
1264 1429 1304 1461 de
1321 1429 1437 1461 Rmm
1456 1455 1461 1461 .
1481 1429 1572 1462 Rnso
1595 1430 1662 1462 filio

181 1497 347 1530 GRIFFINI
365 1523 371 1529 .
389 1497 480 1529 Rnso
503 1497 544 1529 ab
567 1497 775 1529 KENEWREG
801 1524 806 1529 .
826 1497 1008 1530 YonvARD’
1026 1498 1142 1531 VELm
1161 1523 1167 1529 .
1190 1498 1397 1531 KENEWREG
1420 1499 1461 1531 ab
1479 1499 1660 1532 YORVARD'

179 1569 211 1599 et
226 1566 338 1598 multis
353 1566 433 1599 aliis.

224 1635 313 1668 Seals
329 1635 363 1668 of
385 1635 440 1668 the
457 1635 581 1678 Bishop
598 1637 663 1668 and
678 1636 733 1668 the
750 1636 891 1679 Chapter
915 1636 949 1668 of
977 1636 1142 1668 Llandaff.

223 1704 446 1737 Endorsed—‘
458 1704 707 1748 Gyrographum
723 1705 864 1738 filiorum
879 1705 995 1748 Began
1017 1731 1023 1738 .
1050 1706 1100 1738 De
1117 1706 1206 1738 finali
1221 1705 1453 1748 compositione
1471 1706 1558 1738 inter
1572 1706 1657 1748 ipsos

179 1777 211 1806 et
227 1774 372 1806 Domum
387 1774 428 1806 de
444 1774 605 1818 Margan.’
