1998 2724
347 150 410 182 516

298 308 507 341 elemosinam
540 334 546 340 .
577 308 646 341 sine
677 308 784 350 aliquo
815 307 930 340 clamio
961 309 993 340 et
1023 308 1279 340 contradiccione
1304 308 1367 340 mei
1393 309 1425 340 et
1453 307 1597 340 omnium
1621 307 1777 341 heredum

297 389 451 410 meorum.
499 377 546 410 Et
570 388 630 420 ego
656 378 687 409 et
707 377 841 409 heredes
857 376 919 408 mei
937 376 1056 408 dictam
1071 378 1191 408 terram
1208 376 1302 409 dictis
1316 376 1481 409 monachis
1496 376 1776 409 warantizabimus

297 450 408 480 contra
423 458 534 479 omnes
549 446 709 479 mortales.
746 445 792 477 Et
808 448 845 478 ut
860 445 919 477 hec
934 456 1006 477 mea
1021 446 1155 478 donacio
1171 448 1203 478 et
1219 446 1420 478 confirmacio
1436 446 1529 478 firma
1545 448 1577 478 et
1588 446 1775 478 inconcussa

298 519 485 559 permaneat
510 516 544 548 in
569 517 784 558 perpetuum.
810 516 991 557 presentem
1017 517 1139 546 cartam
1167 514 1266 557 sigilli
1290 515 1354 547 mei
1382 515 1590 556 impressione
1614 514 1773 548 roboravi.

300 585 378 618 Hiis
393 585 529 618 testibus
546 609 552 615 .
570 585 700 617 domino
718 584 916 616 Rsmnxno
932 584 972 615 de
993 583 1072 616 sm)
1094 610 1100 616 .
1122 583 1317 616 WILLELMO
1341 584 1381 616 de
1408 583 1525 615 ΗΕΘΜ
1551 609 1557 615 .
1583 583 1779 616 WILLELMO

297 655 337 687 de
359 654 520 687 LANMEIS
547 653 768 687 ‚WILLELMO
791 654 831 686 de
857 652 1057 685 GLWEDONE
1085 678 1091 685 .
1121 653 1299 685 GALFRIDO
1326 653 1366 685 de
1393 652 1574 685 BoNEvm
1601 678 1606 684 .
1634 652 1775 685 SYMONE

295 724 363 756 filio
379 724 451 767 ejus
472 750 477 756 .
496 723 692 757 WILLELMO
709 722 799 755 OOLE
817 749 823 755 .
842 722 1005 754 HENRICO
1021 723 1061 754 de
1077 722 1181 754 Nam
1199 749 1205 754 .
1224 725 1256 754 et
1271 722 1383 754 multis
1398 721 1479 754 aliis.

340 793 544 825 Entitled—‘
556 793 654 825 Carta
670 791 830 825 Willelmi
848 791 1044 824 Frankelein
1061 792 1100 824 de
1117 793 1202 824 terra
1217 792 1251 824 in
1270 791 1545 824 Bonevilestune.'

995 1162 1073 1195 DX.

288 1247 452 1281 GRANT
490 1246 556 1280 BY
587 1245 809 1278 WILLIAM
847 1243 1167 1277 FRANKELEIN
1202 1243 1262 1276 OF
1295 1243 1400 1277 TWO
1431 1243 1582 1276 AORES
1613 1243 1715 1276 AND
1740 1244 1772 1276 A

334 1316 468 1349 HALF
496 1314 554 1348 OF
582 1313 715 1347 LAND
744 1313 798 1346 IN
828 1312 1194 1346 BONEVILESTON
1223 1312 1281 1345 ΤΟ
1310 1312 1522 1345 MARGAM
1549 1312 1722 1345 ABBEY.

834 1394 1010 1438 [MARGAM
1034 1394 1230 1438 CHARTER]

329 1480 440 1513 Sciant
455 1482 618 1522 presentes
633 1481 666 1510 et
681 1478 785 1510 futuri
801 1478 887 1520 quod
903 1488 963 1520 ego
981 1477 1198 1510 WILLELMUs
1221 1477 1454 1509 FRANKELEIN
1478 1477 1553 1509 dedi
1577 1479 1610 1509 et
1633 1477 1770 1509 concessi

285 1555 317 1582 et
338 1550 479 1593 presenti
503 1551 591 1582 carta
613 1547 799 1580 confirmavi
822 1547 893 1579 Deo
918 1552 950 1579 et
973 1559 999 1579 e.
1017 1546 1049 1579 S.
1069 1546 1117 1578 M.
1138 1547 1178 1578 de
1202 1546 1250 1578 M.
1268 1548 1300 1578 et
1323 1558 1365 1578 m.
1383 1547 1405 1579 i.
1423 1546 1464 1579 D.
1483 1546 1695 1578 servientibus
1712 1572 1718 1578 .
1736 1547 1771 1578 in

285 1630 400 1662 puram
427 1622 458 1650 et
485 1621 674 1660 perpetuam
701 1617 910 1649 elemosinam
937 1617 1018 1647 duas
1046 1627 1134 1647 aeras
1160 1618 1244 1647 terre
1271 1617 1302 1647 et
1334 1615 1504 1647 dimidiam
1535 1615 1569 1647 in
1600 1615 1699 1647 feudo
1731 1616 1771 1647 de

286 1689 575 1722 Bomvmsmm
608 1687 684 1719 sitas
713 1687 748 1718 in
780 1686 863 1718 valle
894 1686 1034 1728 quadam
1057 1685 1153 1727 juxta
1176 1684 1286 1716 villam
1315 1710 1320 1715 .
1350 1695 1430 1726 quas
1454 1684 1585 1726 quidem
1610 1684 1700 1716 tenui
1734 1685 1773 1716 de

286 1758 484 1792 WILLELMO
500 1757 529 1789 le
545 1756 687 1788 Nonms.
735 1756 788 1788 Im
805 1758 842 1787 ut
858 1755 935 1787 dicti
951 1754 1099 1787 monachi
1115 1754 1257 1786 habeant
1273 1757 1305 1786 et
1320 1757 1452 1786 teneant
1470 1757 1572 1786 totam
1589 1756 1707 1786 terram
1729 1754 1769 1786 de

287 1839 338 1860 me
355 1830 387 1859 et
403 1826 575 1858 heredibus
595 1826 675 1857 meis
698 1825 796 1857 libere
820 1827 852 1856 et
874 1824 1004 1866 pacifice
1028 1823 1171 1866 quietam
1197 1823 1238 1856 ab
1265 1824 1352 1855 omni
1381 1823 1552 1856 vexacione
1581 1823 1713 1856 seculari
1741 1825 1773 1856 et

287 1898 472 1929 demanda.
491 1896 573 1927 sicut
595 1895 662 1927 ulla
685 1894 860 1926 elemosina
883 1893 1015 1925 liberius
1039 1893 1142 1925 teneri
1166 1895 1279 1935 polest.
1327 1893 1374 1925 Et
1403 1904 1463 1935 ego
1490 1895 1522 1924 et
1549 1893 1681 1924 heredes
1709 1893 1772 1924 mei

286 1967 405 1998 dictam
422 1970 541 1997 terram
557 1964 651 1996 dictis
666 1963 831 1995 monachis
850 1962 1129 1994 warantizabimus
1154 1965 1265 1994 eontra
1288 1973 1398 1993 omnes
1421 1961 1572 1994 mortales
1595 1964 1627 1993 et
1650 1963 1688 1993 ut
1713 1961 1772 1993 hec

285 2047 357 2068 mea
380 2035 511 2067 donatio
535 2036 567 2066 et
590 2032 790 2065 confirmatio
813 2033 906 2064 firma
929 2034 961 2063 et
985 2030 1109 2063 stabilis
1131 2033 1311 2073 perseveret
1334 2031 1564 2073 inperpetuum
1589 2032 1770 2073 presentem

284 2107 405 2137 cartam
421 2103 521 2146 sigilli
537 2103 600 2134 mei
616 2101 823 2144 impressione
839 2100 996 2133 roboravi.
1045 2100 1122 2132 Hiis
1138 2099 1283 2132 testibus.

328 2171 642 2206 Entitled—‘Oarta
659 2170 818 2204 Willelmi
843 2169 1041 2202 Frankelein
1065 2170 1104 2202 de
1132 2169 1258 2202 duabus
1285 2180 1374 2201 acras
1402 2171 1485 2201 terre
1513 2170 1545 2200 et
1572 2167 1708 2200 dimidia
1737 2167 1771 2199 in

285 2241 555 2275 Bonevilestune.’
