1998 2724
1540 152 1603 184 499

793 415 1029 449 CCCGXCVI.

209 498 541 533 ARBITRATION
587 498 653 531 BY
698 498 872 531 BISHOP
919 496 1058 530 ELIAS
1105 495 1208 528 AND
1255 493 1459 527 MORGAN
1506 492 1614 529 OAM,

354 567 595 601 BETWEEN
633 567 721 600 RES
761 566 860 599 GOH
899 565 1001 599 AND
1040 564 1251 597 MARGAM
1289 561 1463 595 ABBEY.

633 648 763 690 [Hinc
789 648 966 687 CHARTER,
991 649 1031 679 75
1054 646 1096 678 A.
1115 645 1185 688 25]
1392 644 1493 676 ANTE
1512 643 1606 675 1234.

217 731 376 764 Omnibus
403 731 545 763 CHRISTI
569 730 718 762 fidelibus
740 741 870 772 presens
893 730 1047 771 scriptum
1071 728 1187 760 visuris
1208 728 1260 759 vel
1288 726 1447 758 audituris
1475 725 1514 757 E.
1540 724 1651 756 diviua

175 800 380 834 miseratione
395 799 639 832 LANDAVENsls
655 799 821 842 episeopus
838 824 844 830 .
863 798 1056 830 MORGANUS
1072 796 1148 829 CAM
1167 823 1173 828 .
1192 796 1329 828 salutem
1344 795 1377 827 in
1395 806 1469 827 vero
1486 793 1628 826 salutari.

219 871 358 904 Noverit
376 870 526 903 discrecio
549 872 655 901 vestra
679 869 766 911 quod
799 880 872 900 cum
895 870 977 900 esset
1012 867 1142 899 suborta
1165 867 1303 908 quedam
1327 864 1542 897 controversia
1571 864 1657 895 inter

178 941 300 974 Restm
335 939 412 972 Gon
447 966 452 972 .
487 941 519 971 et
553 939 686 971 domum
724 939 763 970 de
795 937 949 970 MARGAN
983 948 1077 979 super
1109 940 1194 968 terra
1224 947 1287 977 que
1317 934 1402 977 jacet
1432 934 1517 966 inter
1539 943 1657 975 aquam

179 1011 219 1042 de
237 1009 366 1042 Ginwn
382 1011 415 1041 et
430 1019 547 1051 aquam
567 1009 607 1040 de
622 1008 823 1040 UGGEMORE
842 1032 847 1037 .
866 1018 963 1049 quam
987 1009 1105 1038 terram
1129 1006 1234 1037 dictus
1258 1004 1368 1036 Rasus
1392 1004 1431 1035 de
1454 1003 1540 1035 dicta
1562 1003 1659 1034 domo

175 1079 305 1122 petebat
328 1078 521 1111 hereditario
547 1078 621 1121 jure
653 1077 880 1120 possidendam
912 1102 919 1108 .
952 1079 984 1108 et
1007 1087 1102 1118 super
1132 1074 1300 1106 forestaria
1330 1073 1364 1105 in
1395 1072 1480 1104 dicta
1511 1074 1596 1104 terra
1625 1075 1658 1104 et

177 1148 276 1180 etiam
299 1158 393 1190 super
416 1146 565 1188 dampnis
588 1148 620 1178 et
642 1145 773 1188 injuriis
797 1144 857 1177 sibi
880 1144 1019 1176 invicem
1043 1147 1139 1186 prout
1162 1141 1328 1175 dicebatur
1350 1142 1436 1174 inter
1457 1143 1564 1183 partes
1579 1141 1657 1172 irro-

177 1217 261 1260 gatis
290 1216 371 1249 .Lis
396 1216 481 1248 inter
507 1215 609 1247 dictas
635 1216 742 1258 partes
768 1216 856 1246 mota
888 1224 994 1245 coram
1022 1212 1114 1244 nobis
1152 1211 1280 1244 arbitris
1311 1211 1351 1243 ad
1382 1210 1442 1243 hoc
1471 1210 1610 1242 fideliter
1641 1209 1660 1240 a

176 1285 322 1329 partibus
352 1285 462 1317 electis
490 1285 549 1317 hoc
581 1284 644 1316 fine
672 1283 865 1325 conquievit.
933 1282 1095 1314 Videlicet
1126 1282 1210 1323 quod
1242 1292 1315 1312 cum
1345 1280 1538 1312 sufficienter
1567 1278 1660 1312 nobis

177 1357 336 1388 constaret
355 1381 360 1386 .
377 1357 445 1387 tam
461 1366 518 1397 per
534 1356 656 1386 cartam
673 1379 679 1385 .
694 1352 749 1385 W.
767 1353 807 1384 de
824 1352 1004 1384 Loxnoxm
1030 1362 1127 1393 quam
1151 1362 1207 1392 per
1230 1352 1351 1382 cartam
1368 1349 1452 1381 Rem
1471 1349 1603 1381 senioris
1626 1350 1659 1380 et

175 1424 314 1456 fratrum
337 1434 468 1455 suorum
491 1423 532 1454 ad
554 1422 614 1454 hoc
637 1422 721 1454 dicte
744 1421 855 1453 domui
878 1422 918 1453 de
942 1420 1098 1452 MARGAN
1122 1420 1232 1451 datam
1257 1444 1262 1450 .
1288 1422 1319 1451 et
1344 1418 1445 1450 eciam
1468 1429 1525 1460 per
1548 1418 1656 1450 vivam

175 1505 284 1525 vocem
308 1493 394 1536 quod
417 1492 504 1524 dicta
527 1494 612 1524 terra
627 1491 769 1534 predicte
793 1491 904 1523 domui
928 1491 967 1522 de
983 1490 1139 1522 MARGAN
1155 1488 1190 1521 in
1206 1490 1396 1531 perpetuam
1413 1488 1620 1520 elemosinam
1638 1488 1656 1519 a

172 1562 268 1595 dictis
291 1561 382 1594 Ruso
404 1561 520 1594 seniori
539 1565 571 1593 et
590 1559 746 1593 fratribus
770 1560 836 1592 suis
856 1571 914 1602 pro
937 1559 1014 1602 ipsis
1037 1561 1070 1590 et
1091 1557 1264 1590 heredibus
1280 1568 1391 1589 eorum
1406 1556 1657 1589 irrevocabiliter

174 1634 255 1663 esset
282 1631 397 1663 collata
424 1656 430 1662 .
460 1642 517 1662 nos
544 1630 664 1662 dictam
687 1632 807 1662 terram
832 1629 991 1670 sepedicte
1019 1627 1129 1659 domui
1157 1626 1276 1669 absque
1297 1626 1413 1658 clamio
1435 1626 1652 1668 predictorum

175 1700 259 1732 Rnsr
284 1699 416 1731 senioris
440 1703 472 1730 et
500 1699 638 1730 fratrum
665 1709 795 1730 suorum
820 1705 852 1729 et
876 1698 1019 1740 ipsorum
1044 1697 1200 1728 heredum
1226 1696 1259 1727 111
1291 1698 1448 1738 perpetua
1478 1696 1652 1728 elemosina

173 1769 290 1801 debere
321 1779 485 1800 remanere
516 1770 671 1811 perpetuo
704 1793 710 1799 .
743 1778 853 1799 sumus
890 1766 1038 1799 arbitrati
1070 1792 1076 1798 .
1116 1765 1331 1798 assidentibus
1368 1764 1461 1797 nobis
1498 1763 1653 1797 fratribus

174 1837 316 1870 ANIANO
331 1840 364 1869 et
379 1836 569 1869 LEWELINO
579 1836 832 1880 predicatoribus
846 1861 852 1868 .
868 1839 900 1868 et
912 1835 1067 1878 magistro
1079 1834 1256 1866 MAURicm
1269 1835 1309 1866 de
1322 1833 1466 1866 Omnem
1478 1833 1651 1866 EchEsrA.

173 1906 278 1949 Super
301 1906 469 1938 forestaria
495 1917 570 1938 vero
596 1905 808 1938 discretorum
834 1905 977 1937 virorum
1004 1904 1136 1936 consilio
1162 1903 1396 1936 interveniente
1419 1903 1528 1935 taliter
1549 1903 1615 1935 fuit
1633 1915 1653 1935 a

173 1975 265 2008 nobis
279 1975 442 2017 provisum
461 2000 467 2006 .
484 1975 570 2017 quod
587 1974 698 2006 Rnsus
713 1974 825 2017 junior
839 1973 913 2016 jure
928 1973 1094 2006 forestarie
1110 1983 1174 2015 quo
1189 1983 1266 2005 usus
1288 1972 1353 2004 fuit
1375 1974 1467 2014 pater
1490 1972 1561 2015 ejus
1586 1999 1592 2005 .
1618 1975 1650 2005 et

171 2044 240 2087 ipse
255 2044 290 2075 in
306 2043 419 2075 diebus
434 2044 499 2075 suis
514 2046 610 2086 prout
625 2042 738 2075 debuit
755 2068 761 2074 .
780 2043 867 2085 quod
882 2043 994 2074 eodem
1017 2042 1089 2084 jure
1105 2041 1205 2073 libere
1220 2043 1366 2073 uteretur
1380 2041 1415 2072 in
1431 2041 1517 2073 dicta
1532 2045 1618 2073 terra
1640 2066 1648 2074 .

172 2116 205 2146 et
220 2113 247 2144 si
261 2114 427 2156 pasturam
442 2123 540 2155 quam
555 2112 637 2155 petit
652 2111 777 2144 ratione
793 2111 877 2143 dicte
893 2110 1059 2144 forestarie
1075 2110 1195 2143 soih'eet
1209 2110 1310 2142 trium
1325 2110 1494 2142 domorum
1509 2111 1650 2153 potuerit

175 2182 368 2215 sufficienter
383 2180 517 2224 probare
533 2181 619 2223 quod
634 2181 726 2213 illam
737 2192 796 2223 per
810 2179 980 2213 arbitrium
993 2180 1135 2211 virorum
1148 2178 1387 2221 fidedignorum
1399 2182 1431 2212 et
1443 2179 1651 2212 discretorum

172 2251 289 2284 debeat
303 2249 421 2283 habere
444 2275 450 2281 .
475 2249 641 2281 monachis
662 2260 728 2281 non
747 2248 1041 2281 contradicentibus
1063 2249 1154 2280 illam
1177 2248 1294 2281 habeat
1314 2273 1321 2279 .
1339 2248 1388 2280 sin
1410 2251 1518 2280 autem
1535 2273 1542 2280 .
1559 2248 1650 2280 illam
