1998 2724
1524 147 1589 177 253

824 428 959 461 GOLII.

148 523 515 558 CONFIRMATION
554 523 618 555 BY
656 522 909 563 NIOHOLAS,
949 522 1123 556 BISHOP
1163 523 1223 556 OF
1261 523 1532 564 LLANDAFF,
1572 524 1634 557 OF

259 593 359 627 THE
379 592 542 626 GRANT
563 592 627 625 BY
646 592 868 624 MAURIOE
888 592 953 625 DE
977 592 1198 626 LONDRES
1223 592 1282 625 OF
1306 592 1405 625 THE
1431 593 1633 626 GHUROH

259 663 319 695 OF
350 661 662 695 COLWINSTON
693 661 752 693 TO
783 661 964 694 EWENN
967 661 1009 694 Y.

437 756 553 800 [er.
571 756 671 795 MUs„
689 755 821 788 ΟοΤΤοΝ
839 756 1016 797 CHARTER,
1033 756 1099 788 XI.
1118 756 1189 800 24.]
1238 756 1343 789 CIRCA
1364 758 1588 790 1153—1183.

774 850 1014 883 CIROGRAFUM.

193 934 236 967 N.
266 934 330 966 Dei
357 933 463 976 gratia
486 933 732 965 LANDAVENSIS
757 933 896 965 ecclesiae
918 933 1092 976 episcopus.
1140 933 1300 966 Omnibus
1320 934 1550 966 successoribus
1569 934 1635 967 suis

149 1004 300 1036 canonice
315 1002 546 1035 substituendis
563 1005 595 1034 et
610 1003 767 1034 universis
783 1005 900 1034 sanotae
917 1003 1054 1035 ecclesiae
1071 1003 1146 1035 filiis
1161 1003 1289 1035 salutes.

193 1073 308 1106 Sciatis
317 1072 471 1114 quoniam
481 1083 541 1114 ego
551 1073 688 1104 concedo
698 1075 730 1104 et
740 1072 892 1104 confirmo
902 1072 1109 1104 donationem
1119 1073 1159 1104 de
1169 1072 1299 1104 ecclesia
1308 1073 1348 1104 de
1358 1072 1634 1105 GOLWINESTUNA

149 1153 247 1185 quam
271 1141 470 1174 Mmmcms
496 1142 536 1173 de
562 1141 758 1173 LcNooNus
785 1141 862 1173 fecit
887 1142 1024 1173 ecclesiae
1052 1141 1162 1174 Sancti
1189 1142 1386 1174 MmHAEms
1414 1144 1447 1174 et
1470 1142 1636 1174 monachis

149 1211 295 1254 ejusdem
311 1211 448 1243 ecclesiae
464 1221 516 1242 me
536 1213 683 1253 presente
704 1213 736 1242 et
756 1213 837 1243 teste
860 1212 901 1242 ad
923 1211 982 1243 hoc
1002 1213 1123 1243 vocato.
1170 1210 1269 1243 Hanc
1285 1214 1393 1243 autem
1410 1211 1574 1244 ecclesiam
1590 1212 1634 1243 sic

149 1281 238 1313 dedit
269 1283 302 1312 et
328 1291 401 1312 cum
428 1279 577 1312 omnibus
603 1280 724 1312 scih'cet
749 1281 952 1323 pertinentiis
979 1280 1044 1312 suis
1069 1280 1168 1313 libere
1192 1282 1225 1313 et
1251 1281 1358 1323 quiete
1384 1281 1419 1312 in
1446 1281 1577 1313 decimis
1603 1283 1636 1313 et

148 1349 434 1382 consuetudinibus
451 1376 457 1381 .
476 1351 508 1382 et
523 1349 716 1382 nominatim
731 1352 850 1381 terram
866 1349 990 1381 duabus
1006 1350 1066 1381 viis
1085 1351 1118 1382 et
1136 1361 1228 1392 aquae
1244 1350 1489 1392 interjacentem
1505 1361 1578 1392 quae
1593 1349 1635 1382 ab

149 1420 260 1451 eadem
282 1419 423 1451 aecclesia
443 1418 551 1450 ablata
580 1418 687 1451 fuerat
718 1419 822 1451 eidem
849 1419 998 1451 aecclesiae
1024 1419 1166 1451 reddidit
1190 1421 1223 1450 et
1247 1419 1345 1451 dedit.
1392 1419 1495 1451 Facta
1525 1421 1634 1451 autem

147 1487 207 1520 hac
244 1487 417 1520 donatione
456 1490 721 1530 presentaverunt
754 1488 836 1520 mihi
866 1488 984 1530 prefati
1013 1488 1162 1520 monachi
1193 1489 1273 1520 duas
1303 1488 1452 1520 honestas
1482 1500 1632 1530 personas

147 1557 375 1590 WILLELMUM
400 1557 519 1589 scilicet
542 1557 754 1599 presbiterum
778 1560 810 1589 et
833 1557 1014 1589 PfflanM
1036 1557 1189 1600 Magistri
1213 1557 1402 1589 Rmmm
1426 1557 1530 1589 filium
1553 1569 1632 1600 quas

147 1637 206 1668 ego
222 1626 358 1668 prefatae
374 1626 522 1658 aecclesiae
539 1626 703 1658 monachis
720 1629 751 1658 et
767 1627 896 1658 domino
912 1626 1090 1658 MAmuczo
1107 1626 1165 1657 hoc
1184 1626 1388 1667 exigentibus
1405 1629 1437 1658 et
1457 1627 1631 1659 eonceden-

146 1695 232 1727 tibus
255 1695 459 1737 inpersonavi
477 1695 555 1727 ,tali
576 1697 686 1727 tamen
707 1698 800 1737 pacto
821 1696 907 1738 quod
927 1706 1068 1727 marcam
1086 1706 1185 1726 unam
1205 1695 1332 1737 argenti
1353 1695 1501 1727 aecclesiae
1520 1695 1631 1728 Sancti

145 1763 342 1796 MICHAELIS
358 1765 398 1795 de
414 1764 639 1796 I-IUGGOMORA
659 1767 691 1796 et
711 1765 875 1797 monachis
892 1765 1037 1807 ejusdem
1057 1764 1206 1796 aecelesiae
1222 1764 1359 1806 singulis
1382 1764 1475 1796 annis
1497 1765 1629 1797 reddere

145 1832 264 1864 debent
286 1833 455 1864 dimidiam
477 1833 596 1865 scilicet
618 1845 758 1866 marcam
782 1834 816 1865 in
840 1834 1089 1865 annuntiacione
1112 1833 1239 1866 Sanctae
1267 1832 1399 1865 MARIAE
1416 1860 1421 1865 .
1440 1835 1473 1864 et
1495 1834 1629 1866 alteram

145 1901 313 1933 dimidiam
346 1912 486 1933 marcam
518 1902 553 1933 in
585 1902 667 1934 festo
699 1902 785 1935 beati
819 1903 1026 1934 MICHAELis.
1088 1902 1134 1934 Et
1166 1902 1192 1934 si
1226 1903 1307 1934 alter
1343 1913 1452 1934 eorum
1482 1905 1628 1935 mortuus

144 1969 243 2001 fuerit
256 1981 262 2008 ;
284 1969 364 2001 alter
378 1980 520 2002 marcam
534 1971 697 2003 reddendo
714 1972 848 2003 eandem
865 1971 1039 2003 aecclesiam
1054 1973 1163 2002 teneat
1180 1997 1186 2002 .
1205 1974 1237 2002 et
1252 1974 1324 2013 post
1338 1973 1476 2002 mortem
1491 1971 1626 2003 istarum

143 2049 351 2081 personarum
360 2038 486 2081 prefata
496 2039 636 2072 aecelesia
646 2040 794 2072 aecclesiae
805 2040 915 2073 Sancti
926 2040 1123 2072 MICHAELIS
1133 2041 1173 2071 de
1183 2040 1220 2072 H
1224 2050 1410 2071 UGGOMORA
1420 2041 1453 2071 et
1461 2039 1626 2072 monachis

142 2107 243 2139 libera
270 2109 302 2139 et
328 2107 437 2149 quieta
462 2110 635 2140 remaneat.
698 2108 763 2140 His
786 2109 944 2141 testibus.
963 2109 1130 2140 anmo
1154 2108 1398 2140 LANDAVENsm
1422 2108 1570 2140 aecclesiae
1592 2111 1625 2140 et

142 2176 297 2218 magistro
327 2175 494 2208 JOHANNE
524 2177 694 2209 canonicis.
750 2177 875 2209 Eodem
905 2178 957 2209 die
988 2177 1220 2209 disratiocinati
1250 2179 1327 2209 sunt
1356 2177 1554 2208 MAnmcws
1585 2178 1625 2208 de

142 2243 338 2276 LUNDONIIS
364 2246 397 2276 et
420 2245 569 2277 monaehi
595 2246 635 2277 de
658 2245 776 2278 Sancto
799 2246 987 2278 MICHAELE
1010 2257 1063 2278 me
1087 2248 1233 2288 presente
1254 2246 1391 2278 decimas
1411 2248 1504 2277 terrae
1526 2257 1623 2287 quam
