1998 2724
1491 163 1553 195 579

812 324 906 357 DLI.

119 407 428 441 ABJURATION
481 406 547 438 BY
601 405 802 438 GRIFFIN
855 406 918 438 AB
966 403 1158 443 WRONU‚
1204 403 1264 436 OF
1317 402 1494 436 RIGHTS
1547 402 1602 435 IN

167 482 170 485 ·
231 469 436 503 EMBROH
489 469 591 501 AND
639 469 738 501 THE
784 468 943 501 LANDS
990 467 1229 500 BETWEEN
1271 466 1458 500 WESSAO
1500 465 1602 498 AND

231 533 443 573 FRUDUL,
475 532 534 564 TO
566 532 776 564 MARGAM
807 532 980 564 ABBEY.

665 601 840 644 [MARGAM
865 600 1060 643 CHARTER]

165 671 335 704 Universis
358 670 500 702 CHRISTI
522 669 670 702 fidelibus
695 670 735 701 ad
761 681 840 711 quos
866 680 996 712 presens
1023 670 1178 711 seriptum
1204 668 1387 710 pervenerit
1411 667 1604 700 Gmrrmns

124 741 209 774 filius
225 740 364 773 WRONU
381 740 518 772 salutem
535 739 569 771 in
586 739 739 771 Domino.

169 809 306 842 Noverit
322 809 514 842 universitas
530 811 635 841 vestra
650 819 707 840 me.
718 808 879 840 communi
897 808 1028 840 consilio
1045 810 1076 839 et
1104 818 1233 839 assensu
1259 806 1435 839 amicorum
1460 816 1608 838 meorum

125 879 297 912 remississe
320 881 351 910 et
375 879 503 921 quitum
524 878 675 910 clamasse
692 880 724 910 et
739 877 904 919 abjurasse
920 881 951 909 et
967 877 1026 909 hac
1042 877 1184 919 presenti
1200 880 1287 908 carta
1300 876 1502 908 confirmasse
1519 875 1561 907 D.
1579 887 1606 907 e.

126 960 151 981 e.
171 948 287 981 Sancte
303 948 424 980 MAROE
440 949 481 980 de
496 947 651 980 MARGAN
668 950 701 979 et
716 959 758 979 m.
776 947 796 978 i.
815 947 857 979 D.
876 959 899 978 s.
917 950 1022 978 totum
1039 947 1092 989 jus
1108 949 1140 978 et
1156 946 1308 978 clamium
1328 946 1415 987 quod.
1438 944 1537 976 habui
1557 944 1608 976 vel

126 1018 243 1050 habere
272 1017 364 1060 potui
391 1017 442 1049 vel
465 1016 612 1049 dicebam
637 1028 688 1048 me
709 1015 826 1048 habere
849 1016 882 1047 in
904 1015 1056 1047 Emmzon
1074 1041 1080 1046 .
1099 1018 1131 1046 et
1154 1014 1188 1046 in
1211 1022 1296 1046 terra
1322 1025 1384 1056 que
1409 1014 1494 1056 jacet
1525 1013 1610 1045 inter

126 1087 268 1120 WESSAc
283 1088 314 1118 et
336 1086 482 1118 FRUDUL
505 1086 556 1118 vel
580 1086 614 1117 in
638 1086 745 1127 aliquo
767 1085 830 1117 alio
855 1087 1039 1116 tenemento
1061 1084 1102 1116 ad.
1126 1084 1247 1116 dictam
1270 1084 1402 1115 domum
1424 1082 1607 1124 pertinente

127 1158 194 1188 tam
210 1155 244 1188 in
260 1155 395 1187 marisco
411 1156 452 1187 de
467 1155 594 1186 AVENA
611 1166 709 1197 quam
726 1154 812 1186 alibi.
861 1154 915 1185 Ita
932 1156 966 1185 nt
983 1153 1061 1185 dieti
1081 1152 1230 1184 monachi
1253 1152 1399 1184 habeant
1423 1154 1456 1184 et
1480 1152 1614 1184 teneant

126 1225 228 1257 dictas
250 1227 350 1256 terras
373 1235 446 1256 cum
465 1223 615 1256 omnibus
638 1223 841 1266 pertinentiis
861 1223 925 1254 suis
946 1222 1045 1255 libere
1065 1225 1095 1254 et
1121 1222 1228 1264 quiete
1249 1221 1330 1253 bene
1349 1224 1381 1253 et
1401 1221 1531 1263 paeifice
1551 1231 1608 1262 pro

128 1305 179 1326 me
203 1297 236 1326 et
259 1293 408 1326 omnibus
432 1293 604 1325 heredibus
631 1293 710 1324 meis
733 1292 768 1324 in
794 1295 997 1334 perpetuum,
1022 1292 1104 1323 sicut
1131 1291 1198 1322 ulla
1223 1291 1397 1322 elemosina
1421 1289 1554 1321 liberius
1581 1291 1614 1321 et

128 1363 268 1406 quietius
283 1362 394 1394 haberi
409 1365 514 1404 potest
530 1362 581 1394 vel
596 1361 708 1394 teneri.
758 1361 800 1393 Et
818 1372 878 1403 ego
895 1364 926 1392 et
950 1360 1082 1392 heredes
1104 1360 1169 1391 mei
1188 1360 1308 1392 dictam
1335 1358 1555 1391 remissionem
1580 1360 1613 1390 et

129 1433 258 1474 quitum
273 1432 498 1464 clamationem
514 1434 546 1463 et
562 1436 744 1474 presentem
757 1431 1033 1462 confirmationem
1046 1429 1140 1461 dictis
1152 1428 1317 1460 monachis
1329 1427 1612 1460 warantizabimus

129 1506 240 1534 eontra
255 1512 365 1533 omnes
387 1501 533 1533 homines
555 1501 590 1532 in
612 1503 814 1542 perpetuum.
862 1499 908 1532 Et
931 1499 1097 1531 sciendum
1118 1498 1205 1540 quod
1227 1509 1288 1540 ego
1307 1498 1437 1530 affidavi
1458 1501 1491 1530 et
1515 1508 1612 1539 super

129 1572 328 1603 sacrosancta
344 1570 472 1602 ecclesie
487 1570 528 1602 de
544 1569 699 1601 MARGAN
711 1569 820 1610 juravi
836 1569 923 1611 quod
938 1568 1000 1600 ista
1017 1568 1126 1600 omnia
1142 1567 1280 1600 fideliter
1300 1571 1333 1599 et
1355 1567 1425 1598 sine
1449 1566 1523 1598 dolo
1549 1591 1555 1597 .
1580 1568 1613 1598 et

129 1640 215 1672 malo
228 1639 359 1682 ingenio
372 1639 511 1671 servabo.
552 1638 603 1671 Ut
615 1644 724 1671 autem
734 1638 888 1681 premissa
900 1637 1063 1669 firmitatis
1073 1636 1170 1669 robur
1183 1636 1351 1668 obtineant
1367 1636 1401 1668 in
1418 1637 1612 1678 perpetuum

129 1708 270 1751 presenti
293 1708 409 1750 scripto
432 1708 577 1751 sigillum
594 1719 702 1740 meum
723 1707 866 1750 apposui.
915 1706 993 1739 Hiis
1016 1705 1151 1738 testibus
1176 1732 1182 1737 .
1210 1705 1300 1738 Raso
1323 1705 1364 1737 ab
1387 1704 1578 1737 ALAITHUR
1603 1729 1608 1735 .

129 1778 285 1810 Cnanoco
300 1777 341 1809 ab
357 1777 545 1809 ALAITHUR
562 1804 567 1809 .
586 1777 723 1810 WRoNU
742 1776 816 1809 Con
834 1803 840 1808 .
859 1776 994 1808 HEILIN
1012 1775 1113 1807 BREN
1132 1800 1137 1806 .
1156 1775 1338 1807 Rmumuc
1353 1774 1393 1806 ab
1416 1774 1585 1806 RUALLAN
1603 1798 1610 1805 .

130 1847 255 1880 Yomv
287 1846 328 1879 ab
360 1846 455 1879 Isrm
489 1872 495 1879 .
530 1847 685 1879 RmARno
716 1846 829 1879 clerico
853 1846 892 1878 de
916 1844 1088 1877 KENEFEG
1114 1870 1120 1876 .
1147 1843 1344 1877 WILLELMO
1367 1843 1523 1875 SCURLAG
1549 1869 1554 1874 .
1580 1845 1612 1874 et

131 1916 244 1948 multis
267 1916 347 1948 aliis.

175 1984 259 2024 SeaL
276 1985 357 2017 dark
373 1995 471 2027 green
487 1997 569 2025 wax,
589 1985 674 2027 lffiin.
693 1986 790 2017 diam.
838 1984 969 2021 Device‚
987 1995 1005 2015 a
1027 1983 1141 2015 seeded
1164 1982 1367 2021 fleur-de-lis,
1384 1981 1529 2014 between
1545 1984 1610 2013 two

131 2055 254 2096 pellets.

175 2122 321 2166 Legem,
335 2123 557 2166 eommeneing
573 2125 607 2155 at
625 2123 681 2155 the
704 2123 789 2162 base,
811 2123 876 2154 and
903 2121 982 2153 with
1008 2133 1095 2154 some
1116 2121 1150 2153 of
1171 2121 1226 2153 the
1247 2120 1358 2152 letters
1377 2120 1524 2152 reversed
1548 2119 1614 2151 and

131 2192 331 2224 inverted—‘
350 2197 381 2228 -ἱ-
403 2192 598 2233 SIG[1L1„U]M
616 2217 623 2224 .
641 2202 776 2223 GRiFINi
795 2202 838 2223 ΑΒ
855 2190 1007 2222 WRUNU.’

175 2260 398 2292 Endorsed—‘
412 2260 589 2303 Abjuratio
606 2260 724 2293 Grifini
740 2260 799 2292 filii
816 2259 965 2293 Wronou
981 2260 1021 2291 de
1037 2261 1123 2291 terra
1140 2259 1179 2290 de
1196 2257 1385 2290 Hembroc?
