1998 2724
1504 166 1566 198 581

805 425 940 458 DLIII.

147 505 434 543 QUIT-OLAJM
479 506 545 539 BY
581 505 782 538 GRIFFJN
829 506 891 539 ΟΕ
937 506 1107 540 GRIFID
1152 506 1372 539 LATIMER
1418 506 1478 538 OF
1516 506 1598 540 HIS

227 574 557 608 LAND-RIGHTS
589 574 644 608 IN
676 575 983 608 KIDLICOLUM
1015 575 1072 608 ΤΟ
1105 575 1315 608 MARGAM
1346 575 1521 608 ABBEY.

596 656 729 700 [HARL.
757 657 934 696 CHARTER,
960 659 1001 690 75
1025 657 1060 690 O.
1079 657 1150 701 29.]

175 739 335 772 Omnibus
358 738 500 771 Gnmsn
524 738 674 771 fidelibus
696 750 825 781 presens
848 740 1004 782 scriptum
1027 740 1142 772 visuris
1163 740 1215 772 vel
1237 740 1397 772 audituris
1421 739 1614 772 GRIFFINUS

130 808 295 841 LATIMER
310 810 454 840 eternam
471 807 505 839 in
522 808 653 839 domino
670 808 817 840 salutem.

175 877 312 910 Noverit
327 877 520 909 universitas
536 880 641 909 vestra
664 888 716 909 me
732 877 863 909 consilio
887 878 1063 910 amicorum
1079 889 1224 911 meorum
1247 878 1413 921 abjurasse
1429 882 1462 911 et
1484 879 1613 921 quitum

130 946 282 978 clamasse
299 948 331 978 et
346 945 405 978 hac
421 946 562 988 presenti
578 948 666 978 carta
682 957 753 978 mea
769 946 970 978 confirmasse
994 958 1051 989 pro
1067 958 1119 979 me
1135 949 1168 979 ei:
1183 947 1333 979 omnibus
1347 947 1519 979 heredibus
1535 948 1615 980 meis

129 1015 202 1047 Deo
226 1018 258 1047 et
273 1015 402 1047 ecclesie
416 1014 509 1047 beate
532 1014 654 1046 Mmm
672 1016 711 1047 de
735 1015 890 1047 MARGAN
908 1018 939 1047 et
955 1016 1120 1048 monachis
1135 1016 1257 1048 ibidem
1272 1016 1344 1049 Deo
1368 1016 1580 1049 servientibus
1606 1043 1611 1048 .

131 1086 237 1117 totum
251 1084 305 1127 jus
321 1085 406 1126 quod
423 1083 568 1116 dicebam
584 1095 636 1116 me
659 1084 777 1117 habere
793 1084 827 1116 in
844 1088 929 1117 terra
945 1085 984 1117 de
1000 1084 1233 1117 Kmmcomm.
1280 1085 1303 1117 J
1304 1085 1397 1117 uravi
1409 1085 1509 1117 eciam
1526 1085 1613 1127 quod

129 1153 234 1185 fidelis
259 1164 313 1185 ero
329 1153 413 1185 dicte
439 1153 550 1185 domui
566 1152 715 1185 omnibus
740 1152 853 1185 diebus
869 1154 935 1185 vite
959 1165 1029 1186 mee
1045 1153 1080 1185 in
1106 1154 1194 1185 omni
1210 1153 1279 1186 loco
1305 1180 1310 1185 .
1337 1156 1368 1186 et
1391 1153 1477 1186 bona
1500 1154 1614 1186 domus

133 1222 311 1254 custodiam
327 1224 358 1254 et
375 1222 550 1254 defendam
566 1233 623 1264 pro
641 1222 729 1254 omni
745 1233 835 1265 posse
851 1233 923 1254 meo
939 1222 1122 1265 ubicunque
1139 1223 1239 1255 fuero.
1287 1222 1333 1255 Et
1350 1223 1515 1255 sciendum
1528 1223 1615 1266 quod

133 1291 262 1333 quando
277 1290 337 1323 hoo
351 1290 574 1333 juramentum
591 1290 652 1322 feci
668 1291 752 1323 dicte
768 1291 880 1323 domm·
898 1317 903 1322 .
921 1291 1070 1323 monachi
1092 1291 1251 1323 dederunt
1267 1291 1365 1324 michi
1382 1294 1512 1324 tantum
1528 1292 1615 1324 unde

131 1360 223 1402 potui
245 1359 344 1392 michi
367 1371 471 1392 emere
487 1360 632 1392 tunicam
648 1362 681 1392 et
703 1360 896 1392 mantellum
920 1361 959 1392 de
982 1359 1106 1392 burello
1125 1386 1130 1391 .
1149 1362 1181 1392 et
1203 1360 1306 1392 lineos
1329 1372 1476 1403 pannos.
1495 1361 1615 1393 scilicet

132 1428 296 1460 camisiam
312 1430 344 1460 et
359 1428 486 1461 braccas
499 1455 504 1460 .
519 1440 585 1461 non
601 1440 659 1471 pro
674 1429 783 1471 aliquo
799 1429 873 1472 jure
889 1430 975 1471 quod
990 1429 1142 1461 haberem
1158 1429 1192 1461 in
1209 1429 1295 1462 diota
1312 1429 1504 1462 clamatione
1520 1441 1592 1462 mea
1606 1455 1612 1461 .

128 1497 205 1540 quia
219 1497 347 1529 nullum
361 1497 416 1540 jus
430 1498 506 1530 inde
522 1497 622 1530 habui
639 1524 645 1529 .
663 1500 710 1530 set
726 1509 783 1540 pro
800 1498 887 1530 fideli
909 1498 1037 1531 servitio
1055 1509 1125 1530 meo
1141 1499 1227 1541 quod
1243 1498 1351 1541 juravi
1367 1499 1454 1541 quod
1469 1499 1608 1531 facerem

127 1565 193 1597 illis
209 1591 215 1597 .
234 1565 357 1598 cunctis
372 1566 485 1598 diebus
500 1567 566 1599 vite
586 1577 666 1599 mee.
714 1566 792 1599 Hiis
815 1566 950 1599 testibus
968 1593 973 1598 .
992 1566 1150 1598 Howmo
1167 1565 1206 1598 ab
1224 1565 1424 1598 MOREDUTH
1443 1593 1448 1598 .
1468 1566 1608 1600 WRONU

129 1633 170 1666 ab
194 1633 389 1666 KNAITHUR
413 1661 419 1667 .
444 1635 601 1668 HownLo
617 1635 777 1669 VAHHAN
803 1662 809 1668 .
836 1635 946 1668 Emis
966 1635 1124 1668 VAHHAN
1150 1662 1156 1667 .
1182 1634 1360 1668 MAUmcm
1383 1635 1484 1668 fratre
1508 1636 1580 1679 ejus
1604 1662 1610 1668 .

130 1702 290 1735 LEUmNo
315 1703 356 1736 ab
379 1703 520 1736 Mssmuc
546 1728 552 1734 .
577 1704 721 1737 HEYLIN
738 1705 779 1737 ab
796 1705 887 1737 YsAc
912 1731 919 1737 .
944 1704 1111 1737 Kxumo
1134 1704 1175 1737 ab
1197 1704 1338 1738 WRGAX
1365 1731 1371 1736 .
1396 1705 1563 1737 JOHANNE
1582 1705 1614 1737 la

130 1771 245 1804 WARE
262 1798 269 1804 .
287 1775 320 1804 et
337 1772 495 1805 Os‘BERNo
513 1774 677 1806 monachis
694 1800 700 1806 .
718 1774 829 1806 Espns
845 1777 878 1806 et
899 1773 921 1806 J
924 1785 1066 1806 OHANNE
1083 1773 1176 1806 fabro
1192 1774 1351 1806 conversis
1364 1774 1404 1806 de
1420 1773 1576 1806 MARGAN
1604 1799 1609 1805 .

130 1842 162 1872 et
177 1840 289 1873 multis
305 1841 386 1874 aliis.

175 1909 297 1942 Round
313 1911 387 1950 scal,
405 1922 504 1954 green
520 1923 603 1952 wax,
622 1912 708 1952 Ιὲὶῃ.
726 1912 823 1944 diam.
871 1913 903 1944 A
919 1912 1113 1944 fleur-de-lis
1128 1912 1163 1944 of
1178 1912 1379 1944 ornamenta]
1396 1913 1521 1956 design.

578 1983 585 1997 ‘
604 1986 635 2018 -Ι-
664 1981 786 2013 SIGILL'
805 2007 812 2013 .
830 1993 950 2014 murm
969 2007 975 2013 .
992 1981 1167 2014 LATIMER'.

173 2047 397 2080 Endorsed—‘
408 2048 585 2091 Abjuratio
602 2049 732 2082 Ga-iffini
746 2049 894 2083 Latinior
909 2051 950 2082 de
966 2053 1052 2082 terra
1066 2050 1106 2082 de
1122 2049 1347 2083 Kicfficolumss

175 2115 208 2139 Of
226 2115 314 2139 Griffin
333 2116 441 2140 Latimer
459 2117 479 2140 it
497 2118 517 2140 is
535 2118 594 2147 only
613 2118 703 2141 known
723 2119 778 2142 that
797 2119 827 2142 he
846 2127 896 2141 was
914 2126 960 2141 one
977 2119 1002 2141 of
1018 2119 1088 2142 those
1105 2119 1255 2148 imprisoned
1274 2120 1308 2149 by
1327 2119 1435 2142 Riehard
1453 2119 1556 2149 Syward
1576 2120 1600 2140 in

137 2158 257 2181 violation
268 2159 294 2182 of
305 2166 320 2182 a
331 2162 407 2189 truce,
419 2167 450 2183 an
461 2163 502 2183 act
514 2160 617 2189 pleaded
628 2161 727 2190 against
739 2161 841 2191 Syward
854 2162 886 2191 by
898 2162 955 2184 Earl
969 2162 1077 2184 Richard
1089 2161 1114 2184 in
1127 2162 1191 2185 1245.
1227 2161 1389 2192 [DXXXV]
