1998 2724
326 181 390 213 362

915 513 1136 546 GOGLXIII.

324 601 487 636 GRANT
512 600 577 634 ΒΥ
601 597 783 633 WRONU
807 596 890 629 BIL
914 596 973 628 OF
997 595 1130 628 LAND
1154 595 1393 628 BETWEEN
1418 595 1601 629 BALLES
1626 597 1728 629 AND

654 666 884 701 GOYLAKE
908 665 966 698 ΤΟ
991 665 1201 698 MARGAM
1224 665 1398 698 ABBEY.

830 749 1003 791 [MARGAM
1027 747 1223 791 CHARTER]
1347 748 1599 783 WstnNnAx:
1628 750 1721 780 1219.

332 836 492 870 Omnibus
509 835 572 868 Cn.
590 835 613 866 f.
629 846 659 877 p.
674 837 705 866 et
718 833 741 864 f.
757 833 797 865 ad
811 844 840 874 q.
854 844 886 874 p.
899 843 922 863 s.
941 843 970 874 p.
984 830 1122 863 Wnomx
1140 830 1206 863 Bu.
1226 857 1231 862 .
1250 833 1393 862 eternam
1410 830 1443 862 in
1461 829 1603 862 Domino
1619 831 1765 863 salutem.

331 905 497 939 Noveritis
506 916 558 937 me
568 915 626 946 pro
637 903 739 935 salute
751 913 777 933 a.
792 913 834 933 m.
847 904 880 933 et
895 912 923 933 o.
935 903 1070 932 anteoes.
1082 911 1124 931 m.
1137 900 1272 931 donasse
1283 902 1315 931 et
1330 910 1360 941 p.
1373 910 1398 930 ο.
1412 910 1454 931 m.
1469 899 1670 931 confirmasse
1681 899 1722 931 D.
1735 901 1767 932 et

287 989 313 1009 e.
328 976 368 1008 B.
382 975 430 1008 M.
443 976 483 1007 de
494 974 542 1006 M.
557 977 590 1005 et
600 984 641 1004 m.
654 973 675 1003 i.
689 971 731 1003 D.
746 983 768 1003 s.
781 971 815 1002 in
828 981 943 1013 puram
960 973 992 1002 et
1008 973 1197 1011 perpetuam
1220 969 1427 1000 elemosinam
1444 972 1565 1011 septem
1582 980 1669 1001 aeras
1684 971 1767 1002 terre

285 1056 355 1077 mee
371 1043 510 1076 arabilis.
559 1042 707 1077 Quarum
723 1040 866 1082 quinque
878 1039 987 1082 jacent
1001 1064 1007 1070 .
1022 1038 1056 1070 in
1068 1041 1159 1081 parte
1170 1038 1304 1070 australi
1318 1064 1324 1069 .
1337 1038 1432 1080 juxta
1443 1041 1563 1070 terram
1576 1037 1765 1070 WILLELMI

286 1114 386 1146 OoLE.
433 1112 479 1144 Et
503 1111 667 1153 incipiunt
680 1110 721 1141 ad
742 1110 848 1141 locum
869 1108 925 1150 qui
946 1108 1063 1140 dieitur
1084 1107 1219 1139 BALLES
1247 1133 1252 1138 .
1283 1110 1314 1138 et
1339 1108 1518 1139 extendunt
1545 1119 1578 1139 se
1602 1119 1704 1150 usque
1731 1108 1766 1139 in

286 1183 486 1216 GOYELAKE.
533 1180 607 1213 Due
628 1190 703 1212 vero
727 1179 788 1211 alie
812 1189 883 1210 aere
907 1178 1015 1220 jacent
1040 1188 1081 1208 ex
1102 1179 1192 1219 parte
1215 1176 1363 1208 orientali
1383 1177 1478 1218 juxta
1494 1179 1612 1209 terram
1630 1177 1765 1209 Roomu

285 1252 440 1285 GRAMUS.
488 1250 534 1283 Et
559 1250 720 1292 incipiunt
744 1249 785 1280 ad
809 1247 960 1280 Lonssms
984 1246 1103 1279 Gnom:
1130 1272 1135 1277 .
1162 1257 1201 1278 ex
1221 1248 1312 1288 parte
1328 1245 1470 1278 australi.
1519 1246 1563 1277 Et
1585 1247 1766 1278 extendunt

283 1333 316 1354 se
331 1333 434 1364 usque
450 1321 485 1353 in
496 1320 663 1353 Gonmm
675 1319 709 1350 in
721 1321 810 1360 parte
823 1317 1013 1359 aquilonari.
1040 1316 1085 1348 Et
1102 1327 1162 1357 ego
1179 1318 1210 1347 et
1220 1315 1353 1348 heredes
1363 1316 1425 1347 mei
1444 1341 1449 1347 .
1468 1316 1627 1357 predictas
1643 1319 1766 1358 septem

283 1402 371 1424 aeras
392 1417 397 1422 .
412 1390 565 1433 predictis
581 1388 747 1421 monachis
764 1412 770 1419 .
789 1391 899 1419 eontra
915 1398 1025 1419 omnes
1041 1386 1187 1418 homines
1203 1387 1236 1418 in
1257 1389 1448 1429 perpetuum
1472 1385 1764 1417 warantizabimus.

283 1460 420 1494 Liberas
437 1462 469 1492 et
485 1460 610 1502 quietas
626 1458 667 1490 ab
683 1458 770 1490 omni
791 1456 958 1489 exaccione
983 1460 1015 1488 et
1040 1455 1200 1487 demanda
1231 1481 1235 1486 .
1264 1457 1295 1487 et
1321 1455 1407 1486 omni
1434 1454 1565 1486 servicio
1593 1454 1673 1486 sieut
1699 1453 1767 1486 ulla

283 1530 457 1562 elemosina
469 1528 602 1560 liberius
619 1527 806 1569 etqm'eeius
829 1553 836 1559 .
856 1525 969 1558 donari
993 1524 1111 1567 poterit
1135 1527 1192 1556 aut
1216 1524 1328 1556 teneri.
1376 1523 1477 1555 Facta
1502 1527 1549 1554 est
1576 1526 1685 1555 autem
1708 1522 1767 1554 heo

281 1611 353 1632 mea
370 1599 504 1630 donacio
520 1600 551 1629 et
568 1596 770 1629 confirmacio
785 1596 884 1627 Anno
900 1594 1035 1627 Domini
1059 1600 1103 1625 M⁰>
1128 1620 1133 1625 .
1158 1598 1211 1625 00⁰·
1233 1619 1239 1625 .
1262 1604 1348 1625 nono
1369 1593 1492 1625 decimo
1511 1618 1515 1624 .
1535 1591 1628 1624 Circa
1643 1592 1763 1624 festum

285 1669 499 1701 Pentecostes.
547 1667 589 1699 In
606 1667 696 1707 cujus
712 1665 758 1697 rei
774 1665 995 1697 testimonium
1018 1663 1160 1706 presenti
1184 1663 1301 1705 scripto
1324 1661 1468 1704 sigillum
1488 1672 1596 1693 meum
1621 1661 1764 1703 apposui.

283 1737 362 1770 Hiis
376 1736 536 1769 testibus.
556 1736 697 1768 Domino
722 1734 897 1768 WALTERO
921 1733 1045 1765 Luam
1069 1732 1172 1764 milite
1202 1758 1207 1763 .
1231 1731 1415 1763 STEPHANO
1440 1731 1577 1762 clerieo.
1604 1729 1766 1762 HENRico

285 1806 453 1838 forestario
470 1831 477 1838 .
495 1805 517 1837 J
519 1815 662 1837 OHANNE
679 1805 718 1835 de
735 1803 853 1835 CRolLl
873 1829 878 1834 .
897 1802 1093 1835 WILLELMO
1109 1802 1148 1833 de
1165 1800 1318 1832 Comum
1336 1802 1367 1832 et
1384 1799 1465 1832 aliis.

330 1876 404 1908 Seal
420 1876 454 1907 in
471 1875 551 1907 dark
568 1885 649 1909 wax,
672 1874 755 1914 lssin.
774 1873 872 1905 diam.
920 1871 952 1903 A
965 1882 1048 1903 cross
1058 1871 1183 1902 formed
1197 1870 1231 1902 of
1243 1871 1315 1901 four
1328 1869 1448 1901 shields
1459 1869 1493 1900 in
1510 1868 1644 1907 outline,
1660 1868 1768 1910 points

286 1945 431 1987 meeting
447 1948 479 1975 at
496 1943 552 1976 the
568 1947 685 1981 centro,
703 1942 767 1973 and
784 1941 874 1973 three
890 1941 1005 1983 pellets
1024 1941 1083 1982 (·.)
1103 1940 1136 1971 in
1152 1939 1207 1971 the
1224 1939 1296 1970 four
1311 1937 1536 1970 intel-mediate
1553 1947 1671 1979 spanos.

334 2013 522 2056 Legend—‘
542 2018 573 2048 -4-
591 2022 679 2043 smn.
700 2037 704 2042 .
726 2037 730 2041 .
751 2037 756 2042 .
778 2037 783 2041 .
803 2021 926 2042 WRONU
954 2009 1030 2041 κη]

334 2083 556 2114 Endorsed—‘
570 2081 667 2113 (lm-m
684 2080 813 2113 Wronu
829 2079 884 2112 Bil
901 2080 940 2111 de
959 2078 1155 2110 v1J‘⁰¹¹¹·a0n's
1172 2076 1277 2110 terre)
1326 2082 1332 2092 ⁴
1346 2075 1479 2108 Bonas)
