1998 2724
1529 154 1592 185 527

158 317 294 361 predicti
317 316 465 349 monachi
488 317 641 348 tenentur
663 314 833 346 annuatim
849 314 969 346 solvere
984 313 1123 345 AGNETI
1140 312 1233 344 uxori
1255 323 1326 343 mee
1341 311 1497 354 quamdiu
1520 311 1637 343 vixerit

158 398 216 430 pro
231 386 290 419 hac
306 385 504 418 relaxatione
522 410 528 416 .
546 386 578 416 et
594 395 666 416 mea
681 383 773 425 quita
788 383 978 415 clamatione
998 393 1098 414 unam
1113 381 1310 424 prebendam
1325 381 1367 412 ad.
1390 380 1455 412 vite
1478 382 1636 412 sustenta-

158 456 282 488 cionem
299 481 305 487 .
324 454 443 486 scilicet
460 479 466 485 .
485 453 630 496 qualibet
645 453 825 495 septimana
847 464 903 494 per
920 463 1043 484 annum
1063 454 1185 494 septem
1206 462 1305 493 panes
1324 449 1551 482 conventuales
1574 474 1580 480 .
1604 452 1636 481 et

158 525 301 567 qunique
316 524 449 567 lagenas
465 523 594 556 cervisie
611 522 841 554 conventualis.
888 522 935 553 Et
950 522 1047 553 semel
1069 521 1105 552 in
1127 531 1213 552 anno
1236 521 1336 552 donec
1359 519 1461 551 vitam
1483 518 1603 550 finierit
1628 542 1634 549 .

156 605 260 627 unum
283 593 488 625 orannocuml
509 593 549 624 de
572 591 710 634 gruello2·
739 617 745 622 .
771 594 803 622 et
827 591 928 622 alium
953 601 1146 622 crannocum
1167 590 1206 621 de
1228 588 1312 620 fabis
1334 615 1340 620 .
1359 599 1432 620 cum
1448 599 1514 619 uno
1529 587 1637 619 modio

158 663 233 695 salis
249 663 291 694 ad
306 662 426 694 festum
442 661 552 693 Sancti
568 660 774 693 Mmmms.
823 659 896 701 Ego
921 671 993 691 vero
1018 659 1181 690 Roomns
1205 657 1351 690 Gnmns
1374 659 1406 689 et
1427 656 1560 688 heredes
1575 655 1637 687 mei

156 732 240 764 hano
264 732 442 774 predictam
468 730 701 762 relaxationem
724 755 729 761 .
756 731 788 761 et
812 740 918 760 meam
938 728 1062 770 quitam
1090 727 1316 760 clamationem
1345 726 1439 758 dictis
1469 725 1634 757 monachis

158 804 270 834 contra
286 812 396 833 omnes
412 800 557 832 homines
573 797 853 830 warantizabimus
869 798 903 829 in
916 799 1117 839 perpetuum.
1165 796 1207 828 In
1223 795 1324 838 hujus
1346 795 1393 827 rei
1416 794 1638 827 testimonium

159 871 235 903 huic
260 869 400 912 presenti
423 869 540 911 scripto
572 868 716 911 sigillum
747 878 856 899 meum
887 866 1029 908 apposui.
1096 865 1161 897 His
1192 864 1327 897 testibus
1352 890 1358 896 .
1384 863 1580 896 WILLELMO
1602 864 1643 894 de

162 940 324 972 CORNELY
353 965 359 971 .
387 938 542 970 RIOARDO
573 937 686 969 clerieo
719 962 725 968 .
758 936 954 969 WILLELMO
986 935 1075 967 Com:
1105 961 1110 966 .
1140 934 1336 967 WILLELMO
1367 933 1606 964 1⁹1³onan
1636 958 1642 964 .

161 1009 328 1042 JOHANNE
362 1007 539 1041 WITHARD
572 1032 578 1039 .
611 1006 728 1039 DAvm
759 1005 933 1039 WASMEIR
962 1031 967 1036 .
1001 1004 1046 1036 Et
1076 1004 1189 1036 multis
1220 1003 1291 1035 aliis
1317 1030 1323 1035 .
1352 1003 1454 1035 Facta
1480 1004 1555 1034 sunt
1584 1001 1644 1033 hee

159 1089 245 1110 anno
273 1077 377 1120 gratie
400 1076 573 1108 millesimo
600 1102 606 1108 .
636 1075 854 1108 ducentesimo
882 1101 887 1106 .
914 1073 1160 1116 quadragesimo
1184 1073 1298 1115 quinto
1322 1098 1328 1104 .
1355 1072 1397 1104 ad
1417 1072 1538 1104 festum
1558 1070 1645 1102 beati

163 1147 340 1179 JOHANNIS
364 1146 543 1178 BAPmTE.

208 1215 330 1248 Round
346 1215 421 1255 seal,
437 1214 673 1247 brownish-red
689 1225 770 1245 wax.
822 1213 906 1255 lssin.
926 1213 1022 1244 diam.
1070 1212 1103 1244 A
1119 1212 1233 1243 seeded
1250 1210 1454 1242 fleur-de-lis.

669 1286 676 1299 ‘
693 1288 724 1319 -Ι-
746 1282 782 1314 s’.
802 1293 927 1314 noc-nm
947 1308 952 1313 .
971 1280 1132 1313 GRAMUSJ

210 1354 432 1386 Endorsed——‘
445 1352 542 1385 Carta
557 1352 680 1395 Rogeri
696 1351 836 1384 Granius
853 1352 893 1383 de
909 1351 1109 1383 relaxacione
1125 1350 1247 1382 reditus
1263 1348 1335 1381 sui.’

567 1421 605 1449 (1)
623 1422 646 1444 A
658 1421 776 1443 Measure
1020 1420 1056 1447 (Β)
1075 1418 1194 1441 Oatmeal.
1208 1418 1243 1441 (ἓν

828 1577 984 1609 DXXII.

165 1659 533 1693 CONFIRMATION
571 1659 637 1692 BY
668 1658 864 1691 THOMAS
904 1657 1102 1691 GRAMUS
1137 1656 1197 1689 OF
1227 1656 1326 1689 THE
1359 1655 1644 1692 QUIT-CLAIM

276 1729 335 1761 OF
373 1729 455 1761 HIS
492 1728 692 1761 FATHER
731 1727 901 1767 ROGER,
934 1727 992 1759 TO
1024 1725 1234 1758 MARGAM
1265 1724 1440 1764 ABBEY,
1479 1725 1539 1757 OF
1577 1725 1645 1757 AN

275 1797 482 1831 ANNUAL
511 1797 646 1830 HALF
672 1796 824 1836 MARK,
861 1794 1139 1829 RESERVING
1178 1794 1247 1827 AN
1289 1793 1643 1827 AOKNOWLEDG-

274 1866 410 1899 LOENT
437 1866 496 1899 OF
521 1866 555 1898 A
582 1865 698 1898 PAIR
725 1865 785 1898 OF
812 1865 994 1898 GLOVES
1021 1864 1083 1897 ΟΒ
1109 1864 1204 1896 ONE
1231 1863 1398 1896 PENNY
1421 1863 1631 1896 YEARLY.

597 1947 729 1990 [HARL.
756 1947 933 1983 CHARTER.
959 1948 1000 1979 75
1025 1947 1059 1979 G.
1088 1945 1156 1988 11.]
1307 1947 1350 1978 24
1373 1946 1477 1978 JUNE.
1527 1947 1620 1978 1245.

209 2030 380 2063 Omnibus¹
394 2030 580 2062 hominibus
595 2031 637 2062 ad
653 2041 732 2072 quos
747 2030 807 2062 hoc
823 2041 953 2072 presens
968 2029 1124 2071 scriptum
1140 2028 1322 2071 pervenerit
1338 2027 1482 2060 THOMAS
1499 2027 1644 2060 GRAMUS

165 2101 304 2133 salutem
320 2100 355 2132 in
371 2099 513 2132 domino.

208 2169 347 2202 Noverit
369 2169 561 2201 universitas
576 2171 681 2201 vestra
705 2169 791 2211 quod
814 2180 874 2211 ego
898 2168 1030 2201 consilio
1053 2171 1085 2201 et
1107 2179 1237 2200 assensu
1260 2167 1373 2200 Ysorn
1397 2167 1505 2199 uxoris
1528 2168 1591 2200 mei
1614 2170 1646 2200 et

164 2238 321 2270 heredum
337 2249 482 2270 meorum
505 2238 643 2270 concessi
667 2240 699 2270 et
721 2237 781 2270 hac
796 2238 938 2280 presenti
961 2239 1049 2270 carta
1064 2237 1251 2269 confirmavi
1274 2236 1345 2269 Deo
1361 2239 1393 2269 et
1408 2236 1538 2268 ecclesie
1553 2235 1645 2269 beate
