1998 2724
1527 156 1589 185 373

150 313 325 346 TRAHARN
348 313 479 356 cognati
500 314 601 345 nostri
623 315 665 345 ad
686 314 875 355 petitionem
902 315 1044 345 nostram
1069 313 1210 355 presenti
1238 312 1355 354 scripto
1377 316 1453 343 sunt
1478 313 1631 354 apposita.

150 382 229 415 Hiis
243 382 388 415 testibus.

194 450 586 493 Entitled—‘Abjuratio
610 452 747 484 duorum
772 452 912 484 filiorum
936 451 1007 494 ejus
1034 450 1109 494 [z'.e.‚
1134 450 1263 483 Wronu
1279 451 1320 482 ab
1336 450 1447 493 Seisil]
1466 451 1505 482 de
1523 452 1634 483 eadem

149 520 257 552 terra.'

755 614 1025 647 GOOLXXVII.

170 684 480 718 ABJURATION
520 685 580 717 OF
618 684 886 725 ITHENARD,
927 685 1016 717 SON
1059 685 1118 717 OF
1160 684 1392 724 RIOHARD,
1430 685 1489 717 OF
1531 685 1611 717 HIS

438 747 593 780 RIGHT
633 747 691 780 OF
728 748 861 780 LAND
901 748 955 780 IN
995 747 1339 781 EGLISKEINUR.

693 816 869 860 [MARGAM
893 817 1089 860 CHARTER]

191 886 362 919 Universis
378 886 442 919 ΟΗ.
459 886 483 918 f.
502 898 533 929 p.
551 898 574 919 s.
593 887 708 919 visuris
730 887 781 918 vel
801 887 961 918 auditusis
978 886 1163 918 I'rHENARD
1178 886 1265 918 filius
1287 886 1436 918 Rumam
1463 912 1469 919 .
1494 886 1632 919 salutem

147 956 182 988 in
199 956 351 988 Domino.

191 1025 330 1057 Noverit
345 1037 375 1057 u.
390 1036 419 1057 v.
434 1026 520 1067 quod
533 1036 594 1067 ego
607 1025 739 1057 consilio
753 1028 785 1057 et
797 1037 952 1057 consensu
964 1025 1104 1057 filiorum
1120 1036 1266 1057 meorum
1286 1051 1291 1056 .
1310 1025 1429 1057 scilicet
1448 1051 1453 1057 .
1471 1025 1608 1058 MAnocl
1622 1050 1630 1058 .

146 1094 296 1126 Hownm
322 1119 329 1126 .
355 1093 440 1126 Em
466 1120 472 1126 .
497 1094 636 1127 Wnomx
663 1120 669 1125 .
695 1093 871 1126 JOHANNIS
897 1121 902 1126 .
928 1097 959 1126 et
979 1094 1116 1126 aliorum
1138 1095 1314 1126 amicorum
1336 1106 1481 1126 meorum
1503 1095 1632 1136 quitum

146 1163 282 1196 clamavi
296 1152 330 1196 'et
356 1163 502 1206 abjuravi
527 1163 598 1196 Deo
615 1166 647 1196 et
664 1176 690 1196 e.
708 1164 748 1196 B.
766 1163 814 1196 M.
832 1164 872 1195 de
897 1163 1052 1195 MARGAN
1079 1165 1111 1195 et
1136 1163 1301 1195 monachis
1326 1163 1447 1196 ibidem
1469 1162 1540 1196 Deo
1556 1175 1579 1195 s.
1596 1164 1631 1196 in

144 1234 334 1275 perpetuam
358 1233 566 1265 elemosinam
590 1236 696 1265 totum
720 1233 871 1265 clamium
896 1244 1004 1265 meum
1034 1235 1066 1264 et
1089 1235 1195 1265 totum
1220 1232 1273 1275 jus
1299 1233 1385 1275 quod
1409 1232 1554 1265 dicebam
1580 1244 1631 1265 me

144 1301 262 1334 habere
278 1301 314 1333 in
329 1304 414 1334 terra
429 1302 469 1334 de
490 1301 735 1334 EGLISKEINUR
755 1329 760 1334 ,
778 1302 813 1334 in
829 1301 922 1334 bosco
939 1306 971 1334 et
992 1302 1089 1344 plano
1106 1313 1179 1333 cum
1195 1301 1344 1334 omnibus
1369 1302 1573 1334 libertatibus
1598 1304 1630 1334 et

144 1371 342 1403 aisiamentis
368 1374 401 1403 et
424 1371 629 1413 pertinentiis
655 1371 720 1403 suis
746 1397 751 1402 .
777 1383 808 1403 u.
831 1371 862 1402 h.
885 1374 916 1402 et
936 1374 959 1403 t.
983 1371 1013 1402 d.
1039 1382 1082 1402 m.
1105 1371 1136 1403 d.
1159 1374 1183 1403 t.
1200 1371 1222 1402 1.
1242 1374 1275 1402 et
1295 1383 1326 1413 q.
1349 1374 1382 1403 et
1397 1383 1427 1413 p.
1450 1372 1497 1410 (as
1512 1372 1546 1403 in
1563 1371 1627 1404 No.

145 1439 411 1482 COGLXXVI.)
430 1451 487 1483 pro
503 1452 555 1472 me
572 1443 604 1472 et
620 1440 769 1472 omnibus
786 1439 957 1473 heredibus
974 1440 1053 1472 meis
1069 1442 1100 1472 et
1117 1439 1348 1472 suecesson'bus
1369 1441 1449 1472 meis
1465 1441 1546 1472 sicut
1563 1441 1630 1473 ulla

143 1509 317 1541 elemosina
337 1509 470 1541 liberius
487 1512 519 1541 et
535 1510 675 1551 quietius
700 1509 811 1542 haberi
827 1512 932 1552 potest
950 1509 1000 1541 vel
1016 1509 1119 1541 teneri
1135 1509 1169 1541 in
1193 1512 1385 1551 perpetuum
1412 1535 1417 1541 .
1444 1510 1526 1542 sieut
1542 1512 1629 1542 carta

143 1589 215 1610 mea
231 1581 263 1611 et
277 1578 417 1611 fratrum
433 1590 579 1611 meonun
595 1590 692 1621 quam
708 1579 784 1611 inde
806 1579 896 1622 prius
921 1578 1105 1610 habuerunt
1130 1581 1277 1610 testatur.
1325 1578 1371 1610 Et.
1386 1579 1462 1621 quia
1479 1579 1528 1611 illi
1544 1582 1629 1611 carte

141 1648 286 1691 sigillum
308 1659 417 1680 meum
439 1649 622 1691 appositum
646 1660 711 1681 non
727 1649 793 1681 fuit
819 1674 824 1679 .
849 1649 922 1680 ideo
946 1648 1029 1680 hano
1053 1647 1252 1690 singularem
1281 1649 1403 1680 cartam
1436 1648 1497 1680 feci
1533 1648 1626 1680 dictis

142 1716 308 1749 monachis
322 1717 428 1760 sigillo
444 1729 515 1750 meo
531 1718 762 1750 confirmatam.
811 1717 857 1750 Et
873 1718 1039 1750 sciendum
1064 1718 1151 1759 quod
1177 1717 1307 1758 quando
1323 1717 1385 1749 feci
1402 1717 1484 1749 hane
1506 1721 1626 1749 cartam

142 1786 237 1818 dictis
252 1785 416 1818 monachis
434 1812 440 1818 .
462 1786 524 1829 ipsi
540 1787 700 1819 dederunt
715 1787 813 1820 miehi
832 1798 931 1819 unam
949 1798 1076 1818 vaccam
1093 1786 1223 1818 nomine
1238 1786 1387 1818 karitatis
1405 1789 1436 1818 et
1452 1786 1626 1828 unicuique

141 1855 282 1887 filiorum
307 1866 451 1887 meorum
476 1856 556 1887 duos
579 1856 704 1888 solidos.
752 1855 799 1888 Et
821 1867 879 1888 nos
903 1867 1013 1888 omnes
1037 1854 1157 1887 seilicet
1180 1866 1240 1897 ego
1265 1858 1296 1887 et
1319 1855 1456 1897 predicti
1480 1855 1539 1886 filii
1562 1854 1625 1887 mei

141 1924 322 1967 juravimus
337 1935 433 1966 super
449 1928 646 1957 sacrosancta
662 1925 792 1958 ecclesie
808 1926 848 1957 de
864 1924 1023 1956 MARGAM
1040 1925 1127 1966 quod
1148 1924 1231 1956 hanc
1253 1924 1378 1966 quitam
1399 1924 1624 1956 clamationem

139 1993 279 2026 fideliter
311 1994 343 2026 et
373 1993 440 2025 sine
471 1994 544 2026 dolo
567 1993 758 2026 tenebimus.
818 1994 864 2026 Et
895 1996 1006 2026 contra
1033 2005 1143 2026 omnes
1169 1993 1315 2025 homines
1342 1993 1436 2025 dictis
1459 1992 1624 2025 monachis

139 2062 419 2095 warantizabimus
434 2063 468 2094 in
485 2066 686 2105 perpetuum.
733 2063 812 2095 Hiis
828 2062 972 2096 testibus.

183 2131 387 2163 Entitled—‘
398 2131 574 2173 Abjmatio
591 2131 764 2164 Ythenarsl
781 2132 821 2164 ab
838 2132 958 2164 Rioard
975 2132 1015 2164 de
1031 2135 1116 2163 terra
1129 2132 1168 2163 de
1184 2130 1418 2173 Egliskeinm·.'

826 2188 939 2210 Richmul.
