1998 2724
331 164 395 193 344

919 429 1141 462 GCGXLIII.

289 513 453 546 GRANT
484 512 549 545 BY
582 511 795 551 MORGAN,
829 511 917 543 SON
956 511 1016 543 OF
1055 511 1209 551 OWEN,
1247 511 1306 544 TO
1346 495 1558 545 MARGAM
1596 512 1770 551 ABBEY,

395 582 455 616 OF
493 581 589 615 ALL
619 581 701 614 HIS
740 580 872 613 LAND
913 580 972 613 OF
1010 580 1360 620 HAVEDHALOG,
1396 581 1633 615 BETWEEN
1672 581 1772 614 THE

396 650 595 684 WATERS
635 650 694 683 OF
733 649 964 682 KENEFEG
1001 649 1104 682 AND
1143 650 1375 683 BAITHAN.

831 732 1007 776 [MARGAM
1032 733 1228 776 CHARTER]
1500 733 1605 766 CIRCA
1632 734 1724 766 1215.

329 817 440 850 Sciant
463 828 573 849 omnes
596 820 664 848 tam
688 818 851 858 presentes
874 825 973 858 quam
995 814 1100 847 futuri
1123 815 1208 857 quod
1241 827 1301 859 ego
1324 815 1519 848 Menenius
1541 816 1626 848 filius
1649 815 1770 848 Owffl’

285 887 416 918 oonsilio
433 890 466 918 et
481 897 637 918 consensu
654 888 827 928 parentum
843 888 873 917 et
891 885 1047 917 heredum
1063 896 1207 917 meorum
1231 885 1306 917 dedi
1329 888 1360 917 et
1384 885 1522 917 concessi
1546 888 1578 917 et
1600 885 1660 917 hac
1683 888 1770 917 carta

284 961 356 983 mea
380 949 566 982 confirmavi
592 949 660 981 Deo
684 952 715 981 et
739 948 868 980 ecclesie
893 947 931 979 B.
959 948 1005 980 M.
1031 949 1070 980 de
1086 948 1133 980 M.
1151 951 1184 980 et
1199 959 1241 980 m.
1259 948 1278 980 i.
1297 947 1339 980 D.
1357 960 1379 980 s.
1398 948 1417 980 i.
1436 960 1467 990 p.
1486 960 1511 980 e.
1530 951 1634 980 totam
1650 950 1769 980 terram

285 1031 389 1052 meam
407 1020 446 1051 de
464 1018 709 1051 HAVEDHALOG
728 1030 789 1060 que
806 1018 892 1060 jacet
908 1018 993 1050 inter
1009 1019 1089 1050 duas
1105 1029 1204 1060 aquas
1221 1018 1340 1050 scilieet
1356 1017 1504 1050 KENEF’.
1523 1021 1555 1050 et
1580 1017 1744 1050 Binum
1763 1045 1769 1050 .

284 1092 316 1121 et
340 1089 429 1120 vadit
452 1089 486 1120 in
511 1091 666 1121 montana
689 1100 789 1130 usque
814 1088 855 1119 ad
879 1099 1003 1120 crucem
1028 1099 1088 1129 que
1113 1087 1174 1119 sita
1197 1089 1244 1119 est
1267 1087 1362 1129 juxta
1389 1098 1543 1130 magnam
1570 1087 1657 1120 viam
1681 1114 1688 1119 .
1714 1099 1770 1130 per

284 1159 411 1191 easdem
431 1158 549 1190 divisas
569 1169 625 1200 per
650 1169 730 1200 quas
754 1168 899 1199 unquam
923 1169 992 1190 eam
1018 1156 1133 1189 melius
1156 1159 1188 1188 et
1211 1156 1338 1199 plenius
1362 1156 1466 1188 tenuit
1491 1156 1658 1189 meNus
1680 1158 1772 1199 pater

284 1239 375 1260 meus
392 1254 398 1260 .
417 1227 600 1261 habendam
617 1229 648 1260 et
665 1227 840 1259 tenendam
856 1227 895 1258 de
912 1237 963 1258 me
979 1229 1010 1258 et
1035 1225 1205 1258 heredibus
1232 1225 1311 1257 meis
1335 1226 1563 1268 inperpetuum
1581 1252 1587 1257 .
1606 1227 1770 1259 reddendo

285 1298 361 1330 inde
378 1296 475 1329 miohi
492 1300 522 1329 et
540 1296 711 1329 heredibus
728 1296 808 1328 meis
825 1296 994 1328 annuatim
1011 1295 1210 1327 solummodo
1227 1295 1345 1337 viginti
1362 1295 1480 1326 solidos
1498 1320 1503 1326 .
1523 1297 1634 1327 octavo
1652 1295 1771 1328 scilieet

285 1366 338 1398 die
361 1368 436 1398 ante
460 1366 568 1398 natale
592 1365 727 1397 Domini
751 1376 808 1407 pro
833 1365 921 1396 omni
945 1364 1074 1396 servicio
1101 1391 1105 1395 .
1133 1364 1364 1396 consuetudine
1388 1366 1420 1396 et
1444 1365 1577 1397 seculari
1595 1364 1769 1396 exactione.

286 1435 384 1468 Hane
407 1438 516 1467 autem
539 1438 659 1467 terram
684 1435 758 1466 dedi
783 1434 827 1466 eis
851 1446 923 1466 cum
947 1433 1040 1466 bosco
1063 1438 1094 1465 et
1118 1434 1216 1476 plano
1234 1459 1239 1465 .
1257 1446 1330 1466 cum
1355 1434 1451 1466 moris
1468 1437 1499 1465 et
1515 1433 1658 1466 mariscis
1675 1460 1681 1465 .
1699 1445 1772 1466 cuin

286 1506 387 1548 pratis
403 1507 435 1537 et
451 1505 590 1547 pasturis
608 1531 613 1535 .
632 1505 666 1536 in
683 1504 819 1547 longum
835 1507 866 1536 et
882 1504 985 1536 latum
1005 1529 1010 1535 .
1028 1515 1101 1536 cum
1125 1503 1274 1536 omnibus
1297 1503 1503 1546 pertinentiis
1518 1506 1551 1535 et
1567 1502 1773 1535 libertatibus

288 1575 374 1606 salvo
391 1573 471 1606 mihi
488 1576 519 1606 et
535 1573 707 1606 heredibus
723 1573 802 1605 meis
818 1584 926 1605 annuo
943 1573 1072 1604 redditu
1091 1573 1208 1616 viginti
1229 1573 1405 1605 solidorum
1421 1573 1503 1605 sieut
1519 1572 1699 1615 predictum
1716 1576 1772 1605 est.

289 1644 335 1675 Et
351 1655 410 1686 ego
427 1647 458 1675 et
475 1643 607 1674 heredes
623 1643 686 1674 mei
710 1642 793 1674 hanc
809 1642 1017 1674 donationem
1042 1645 1183 1673 nostram
1207 1641 1342 1683 prefatis
1365 1640 1529 1673 monachis
1552 1641 1774 1674 warantizabi-

289 1724 362 1745 mus
378 1715 488 1745 eontra
505 1723 615 1744 omnes
631 1711 777 1744 homines
794 1714 861 1743 tam
878 1711 1074 1754 propinquos
1096 1722 1193 1753 quam
1209 1713 1378 1743 extraneos
1402 1711 1639 1753 inperpetuum.
1688 1710 1733 1742 Et
1749 1711 1775 1743 si

291 1782 414 1824 aliquid
438 1781 607 1813 servicium
631 1781 670 1812 de
695 1780 820 1823 prefata
844 1784 927 1812 terra
952 1781 1127 1822 aliquando
1151 1780 1342 1822 requisitum
1367 1779 1488 1811 fuerit.
1507 1791 1567 1822 ego
1590 1781 1623 1811 et
1644 1779 1777 1811 heredes

292 1853 355 1884 mei
371 1852 453 1884 illud
470 1851 601 1884 omnino
619 1851 773 1882 faciemus
789 1852 821 1883 et
841 1850 1103 1892 acquietabimus.
1152 1849 1198 1881 Et
1220 1849 1385 1881 sciendum
1402 1849 1486 1890 quod
1504 1859 1564 1891 ego
1582 1848 1776 1880 Monomus

291 1921 420 1953 affidavi
437 1923 469 1953 et
485 1931 579 1962 super
595 1922 794 1952 sacrosancta
811 1919 939 1951 ecclesie
955 1920 995 1951 de
1012 1919 1169 1950 MARGAM
1192 1918 1300 1961 juravi
1325 1918 1409 1960 quod
1434 1917 1494 1949 hec
1510 1917 1619 1949 omnia
1634 1917 1776 1960 predicta

292 1990 429 2022 fideliter
445 1992 477 2021 et
493 1989 560 2021 sine
578 1989 651 2020 dolo
667 1988 799 2021 servabo
815 1991 848 2020 et
863 1987 978 2020 tenebo
996 1987 1146 2030 predictis
1162 1987 1326 2020 monachis
1342 1987 1578 2029 inperpetuum.

338 2058 415 2090 Hiis
431 2058 565 2091 testibus
583 2083 589 2089 .
608 2058 739 2090 domino
757 2057 932 2090 Gnamsm
957 2057 1165 2089 Mmsvnnsi
1193 2057 1338 2099 episeopo
1357 2081 1362 2087 .
1382 2055 1547 2087 Mmzrmo
1568 2055 1775 2088 MENEVENffl

293 2128 516 2160 archidiacono
534 2153 541 2159 .
560 2127 672 2159 Hom’
690 2127 729 2159 ab
747 2126 919 2159 TRAHARN
935 2153 941 2158 .
958 2126 1130 2158 Gaui-mo
1143 2125 1182 2158 ab
1196 2125 1337 2157 qumo
1355 2150 1359 2156 .
1382 2125 1534 2156 R-xcmzno
1550 2124 1590 2157 ab
1603 2124 1776 2156 Monsnu'.

295 2197 470 2229 MoaflANO
494 2196 578 2229 ΚΑΜ
612 2223 617 2228 .
644 2196 832 2228 ALAm‘l-run
857 2222 863 2227 .
891 2196 1080 2228 Rmmmno
1104 2196 1143 2227 de
1169 2194 1274 2228 Simu:
1300 2220 1306 2226 .
1337 2193 1583 2227 W11,1.E1.1uode
1601 2193 1744 2225 SUMERY
1770 2219 1777 2225 .

299 2266 492 2298 W1L1.121.M0
510 2267 549 2298 de
568 2266 706 2298 Rmcm
731 2291 736 2297 .
757 2265 952 2298 Wxnmmo
968 2266 1008 2297 de
1033 2266 1171 2297 CANTEL
1197 2290 1202 2295 .
1229 2264 1343 2295 Pmno
1368 2262 1564 2294 BUmLLme
1590 2287 1596 2293 .
1623 2262 1780 2294 WALTER
