1998 2724
1543 143 1605 174 355

822 297 996 331 CCCLIV.

178 379 341 412 GRANT
369 378 422 411 IN
454 378 569 412 TAIL
596 379 662 412 BY
687 379 826 419 JOHN,
852 380 1008 412 ABBOT
1037 380 1095 412 OF
1122 380 1343 421 MARGAM,
1369 380 1427 413 ΤΟ
1457 381 1645 414 ROBERT

224 448 452 488 CURTEYS,
477 448 536 481 OF
560 448 694 481 LAND
718 449 852 482 HELD
877 450 936 482 OF
960 449 1180 482 RIOHARD
1204 450 1268 482 DE
1292 450 1593 483 DUNSTERRE.

719 531 891 572 [MARGAM
916 531 1111 574 CHARTER]
1378 532 1484 564 Cum
1510 534 1603 564 1216.

214 612 384 645 Universis
401 612 543 645 Cmusrm
561 612 710 645 fidelibus
725 613 784 645 hoc
801 614 953 655 scriptum
971 614 1084 646 visuris
1100 615 1150 646 vel
1166 615 1325 647 audituris
1346 615 1447 647 frater
1467 614 1489 647 J
1492 626 1650 647 OHANNES

171 683 276 715 dictus
292 682 390 714 abbas
405 683 445 714 de
461 682 617 715 MARGAN
634 685 666 714 ct
687 682 833 725 ejusdem
849 683 909 715 loci
927 686 1103 715 conventus
1124 686 1268 716 eternam
1284 684 1318 716 in
1335 683 1478 717 Domino
1500 685 1647 717 salutem.

214 752 353 784 Noverit
368 752 561 784 universitas
576 755 682 784 vestra
697 764 754 784 nos
770 752 956 784 concessisse
980 752 1140 784 ROBERTO
1163 752 1318 785 CURTEYs
1335 756 1399 786 tres
1414 765 1502 786 acras
1519 756 1601 786 terre
1617 756 1650 786 et

171 821 339 854 dimidiam
362 832 440 863 quas
460 820 633 853 habuimus
653 821 693 853 de
718 820 873 853 RIGARDO
897 822 936 853 de
962 821 1172 854 DUNsTERRs
1194 822 1358 855 habendas
1379 826 1411 854 et
1432 824 1589 855 tenendas
1610 823 1649 855 de

171 890 264 922 nobis
279 892 311 922 et
327 889 557 923 successoribus
573 890 689 922 nostris
705 889 766 922 sibi
782 893 814 921 et
831 890 1001 923 heredibus
1013 891 1077 922 suis
1090 892 1129 923 de
1143 903 1174 923 se
1190 892 1362 934 procreatis
1378 892 1477 924 libere
1493 895 1526 925 et
1542 894 1649 935 quiete

172 959 253 992 bene
265 961 298 992 et
309 959 342 991 in
355 971 432 1002 pace
447 959 481 991 in
497 962 690 1002 perpetuum
707 985 713 991 .
732 960 894 992 reddendo
910 961 986 992 inde
1003 960 1173 992 annuatim
1189 965 1327 1003 quatuor
1340 962 1488 994 denarios
1501 965 1533 995 ct
1547 973 1647 995 unam

173 1029 289 1062 libram
311 1029 421 1061 cimini
442 1028 493 1061 vel
506 1029 586 1061 duos
607 1029 755 1061 denarios
776 1041 833 1072 pro
854 1030 941 1061 omni
964 1030 1094 1062 servicio
1111 1031 1152 1062 ad
1174 1031 1294 1063 festum
1310 1031 1420 1064 Sancti
1443 1032 1649 1065 MICHAELxs.

173 1098 228 1130 Ita
250 1095 359 1130 tamen
383 1099 470 1140 quod
493 1099 670 1140 predictam
692 1101 811 1130 terram
835 1099 957 1131 nemini
979 1100 1116 1132 vendere
1147 1103 1297 1143 poterunt
1314 1113 1372 1133 nec
1396 1102 1545 1134 alienare.
1608 1102 1650 1134 In

174 1167 275 1210 hujus
290 1168 335 1200 rei
351 1168 572 1200 testimonium
588 1167 663 1199 huic
679 1168 796 1210 scripto
812 1168 958 1210 sigillum
974 1172 1119 1201 nostrum
1141 1170 1356 1212 apposuimus.
1405 1170 1482 1203 Hiis
1504 1171 1648 1204 testibus.

175 1235 329 1269 Rmmzno
352 1236 464 1268 clerico
487 1237 526 1268 de
550 1235 722 1268 KENEFEG
747 1262 753 1267 .
780 1236 976 1269 WILLELMO
1004 1237 1091 1269 Gom
1118 1264 1123 1269 .
1154 1237 1347 1270 W11111E1M0
1376 1239 1617 1272 FRANKELEYN
1643 1266 1649 1272 .

174 1305 337 1338 HEcho
352 1306 391 1337 de
407 1305 512 1338 Nam
531 1331 536 1336 .
554 1308 585 1337 et
601 1306 714 1338 multis
729 1306 809 1338 aliis.

217 1374 290 1406 Seal
307 1375 341 1407 of
356 1374 411 1406 the
427 1374 542 1407 abbot:
567 1375 700 1417 pointed
717 1376 799 1414 oval‚
813 1375 868 1407 the
886 1375 1007 1411 Abbof,
1025 1376 1236 1419 half-length,
1254 1377 1333 1409 with
1350 1378 1425 1410 staff
1440 1378 1475 1410 in
1492 1378 1548 1410 the
1563 1379 1654 1422 right

174 1444 271 1476 hand.
321 1444 405 1487 lssin.
423 1444 467 1486 by
483 1444 549 1486 gin.

568 1504 575 1517 ‘
589 1527 794 1532 .......
822 1512 856 1533 Μ.
878 1527 882 1532 .
904 1513 967 1533 BBA
971 1528 1278 1534 ..........
1294 1503 1300 1515 ⁷

218 1569 441 1602 Endorsed—‘
455 1569 529 1602 Heo
544 1570 608 1602 fuit
624 1573 711 1602 carta
728 1570 862 1603 Roberti
885 1571 1011 1603 Ourteis
1032 1573 1072 1603 (16
1091 1571 1194 1603 tribus
1215 1572 1294 1604 acris
1311 1575 1342 1604 et
1363 1573 1498 1606 dimidia
1523 1596 1530 1604 .
1555 1585 1652 1615 quam

175 1640 294 1671 terram
310 1638 401 1671 nobis
416 1639 614 1682 resignavit-⁵

834 1846 989 1879 OOCLV.

198 1926 361 1959 GRANT
392 1927 457 1959 BY
488 1926 708 1960 RIOHARD
740 1927 805 1959 DE
837 1927 1095 1960 DUNESTER
1126 1928 1183 1960 ΤΟ
1222 1928 1432 1961 MARGAM
1467 1929 1632 1962 ABBEY

491 1996 550 2028 OF
580 1996 613 2029 A
638 1996 880 2033 BURGAGE‚
912 1997 1022 2036 ETC„
1054 1997 1106 2029 IN
1140 1997 1333 2031 KENFIG.

716 2078 891 2121 [MARGAM
916 2079 1111 2122 CHARTER]
1382 2080 1487 2112 Cuma
1514 2082 1607 2112 1216.

218 2158 377 2191 Omnibus
398 2158 514 2191 Sancte
536 2159 664 2191 ecclesie
678 2159 752 2192 filiis
775 2160 976 2202 presentibus
992 2164 1024 2193 et
1040 2161 1159 2193 futuris
1180 2187 1186 2192 .
1212 2161 1386 2193 1³10·stsz
1403 2163 1442 2194 de
1467 2162 1657 2194 DUNEsTER

172 2227 318 2260 salutem.
