1998 2724
361 146 424 178 712

316 317 522 360 pertinenciis
534 317 568 348 in
581 316 676 348 feodo
688 316 727 348 de
739 315 1010 354 LANDEBITHER;
1036 314 1183 350 Quarum
1193 325 1339 347 acrarum
1349 316 1412 347 due
1424 326 1494 347 acre
1506 315 1615 358 jacent
1624 316 1659 347 in
1671 316 1797 349 cultura

315 398 378 429 que
394 389 526 419 vocatur
552 385 771 417 KAYRARYAN
790 384 883 427 cujus
900 395 1002 416 unum
1029 384 1133 426 capud
1151 383 1256 416 tendit
1272 395 1381 416 versus
1397 384 1553 416 orientem
1571 395 1665 427 super
1679 387 1799 418 terram

316 456 439 488 domini
462 455 485 488 J
487 466 638 487 OHANNIS
654 456 693 487 de
720 454 931 486 UNFREVILE
948 456 980 485 et
995 454 1085 485 aliud
1108 454 1215 496 capud
1230 464 1338 485 versus
1354 454 1550 486 occidentem
1567 465 1663 496 super
1677 456 1797 487 terram

317 524 470 556 KNAYTH
486 525 516 556 le
534 523 640 556 GONT’
653 526 685 556 et
697 535 763 556 una
775 534 847 555 acra
862 523 943 555 iacet
959 523 993 555 in
1009 522 1135 555 cultura
1150 524 1233 554 terre
1250 533 1311 564 que
1323 525 1454 554 vocatur
1469 522 1689 554 KAYRPISTEL
1705 523 1798 565 cujus

314 605 416 626 unum
440 594 544 635 capud
567 593 671 625 tendit
695 603 804 625 versus
829 592 985 624 orientem
1009 603 1104 634 super
1129 595 1251 623 terram
1275 603 1336 633 que
1352 594 1484 624 vocatur
1507 591 1742 624 CHORCHEVEY
1765 594 1797 624 et

315 663 404 695 aliud
421 663 525 705 capud
539 662 645 694 tendit
662 673 770 694 versus
794 661 992 694 occidentem
1008 672 1103 703 super
1119 663 1238 693 terram
1260 660 1394 693 Howm
1410 661 1578 693 THORGOD
1595 664 1626 693 et
1641 672 1708 693 una
1723 672 1796 694 acra

312 732 398 775 jacet
413 733 447 764 in
465 733 591 764 cultura
608 744 669 773 que
687 734 819 763 vocatur
836 731 1012 763 HENDREF
1029 731 1122 773 cujus
1144 742 1246 763 unum
1264 732 1367 773 capud
1389 731 1495 763 tendit
1512 742 1622 763 versus
1638 732 1793 764 orientem

311 813 406 844 super
429 804 547 833 terram
575 800 705 844 [quam]
726 800 876 832 ΚΝΑΤΗΟ
900 800 929 832 le
957 799 1064 832 GoNT’
1082 800 1245 842 quondam
1267 800 1373 832 tenuit
1396 804 1428 832 et
1451 800 1541 832 aliud
1564 801 1668 842 capud
1683 811 1792 833 versus

311 872 509 904 occidentem
539 882 634 912 super
662 872 781 902 terram
807 869 984 902 JOHANNIS
1014 869 1137 901 Eum.
1197 869 1395 901 Habendam
1425 872 1458 901 et
1488 870 1663 901 tenendam
1692 873 1795 902 totam

309 942 486 983 predictam
503 943 621 973 terram
637 941 676 972 de
692 951 743 971 me
760 941 792 971 et
808 938 979 971 heredibus
995 939 1074 971 meis
1091 939 1141 971 vel
1157 939 1236 971 meis
1252 939 1432 982 asingnatis
1447 939 1533 971 dicto
1549 938 1745 971 WILLELMO
1761 942 1793 972 et

309 1010 460 1043 mesuz
484 1021 583 1042 uxore
607 1009 678 1051 ejus
701 1012 731 1041 et
756 1020 867 1041 eorum
883 1008 1054 1040 heredibus
1076 1007 1175 1040 libere
1191 1008 1297 1050 quiete
1319 1008 1401 1040 bene
1424 1008 1553 1050 pacifice
1569 1009 1696 1051 integre
1718 1009 1790 1051 jure

311 1080 505 1112 hereditario
515 1081 550 1112 in
562 1081 764 1122 perpetuum.
807 1078 991 1110 Reddendo
1005 1078 1080 1110 inde
1092 1078 1261 1110 annuatim
1275 1078 1335 1121 ipsi
1346 1078 1474 1110 divisim
1486 1078 1538 1110 vel
1548 1078 1734 1111 cominatim
1744 1079 1796 1111 vel

310 1151 443 1183 heredes
459 1150 509 1181 vel
522 1148 678 1191 assignati
695 1148 858 1190 predictus
876 1147 1093 1179 WILLELMUS
1106 1150 1138 1179 et
1149 1158 1230 1179 uxor
1242 1147 1313 1189 ejus
1325 1147 1405 1179 mihi
1418 1150 1450 1179 et
1463 1147 1634 1179 heredibus
1650 1147 1729 1179 meis
1744 1148 1795 1180 vel

309 1220 390 1252 meis
405 1218 577 1261 assignatis
594 1229 699 1250 unum
715 1217 885 1249 denarium
896 1217 1024 1259 argenti
1037 1217 1078 1248 ad
1093 1216 1212 1249 festum
1226 1216 1335 1248 Sancti
1347 1216 1543 1248 Mn-nfflms
1555 1228 1612 1259 pro
1625 1217 1714 1248 omni
1731 1228 1792 1249 ser-

308 1290 390 1321 vicio
402 1289 564 1321 curiarum
576 1287 708 1320 herietis
719 1286 834 1318 wardis
843 1286 972 1318 releviis
985 1289 1017 1318 et
1027 1286 1211 1318 omnimodo
1221 1286 1292 1318 aliis
1302 1285 1496 1318 secularibus
1506 1286 1674 1318 demendis
1684 1298 1745 1328 que
1756 1287 1796 1319 de

311 1359 419 1401 aliqua
429 1360 519 1400 parte
530 1360 614 1389 terre
628 1356 787 1399 [predicte
797 1355 908 1388 haberi
920 1355 1123 1398 potuerunt]
1154 1355 1219 1387 Pro
1229 1355 1288 1387 hac
1297 1358 1405 1388 autem
1412 1355 1585 1387 donatione
1596 1355 1795 1388 concessione

308 1430 340 1461 et
352 1427 508 1471 presentis
522 1429 607 1459 carte
622 1438 691 1458 mee
704 1425 946 1458 confirmatione
959 1426 1118 1457 dederunt
1130 1424 1211 1457 mihi
1223 1424 1358 1467 predicti
1371 1424 1587 1457 WILLELMUS
1598 1427 1629 1456 et
1642 1424 1795 1456 HAVISIA

309 1501 439 1529 centum
453 1496 570 1528 solidos
583 1496 815 1538 sterlingorum
829 1494 1044 1537 premanibus.
1079 1495 1153 1537 Ego
1165 1505 1240 1526 vero
1250 1495 1412 1536 predictus
1424 1493 1446 1526 J
1448 1505 1607 1526 OHANNES
1620 1496 1651 1526 et
1664 1493 1796 1526 heredes

308 1567 360 1598 vel
373 1565 529 1609 assignati
546 1565 610 1596 mei
626 1565 785 1607 predictas
801 1566 939 1606 quatuor
955 1575 1044 1596 acras
1060 1575 1132 1596 oum
1157 1563 1305 1595 omnibus
1328 1563 1534 1605 pertinenciis
1556 1563 1621 1595 suis
1644 1563 1795 1605 predictis

310 1635 506 1669 WILLELMO
530 1637 561 1666 et
590 1634 744 1666 HAv1sm
769 1634 862 1666 uxori
886 1634 956 1676 ejus
980 1633 1031 1666 vel
1056 1643 1166 1665 eorum
1189 1632 1360 1675 assignatis
1384 1632 1529 1675 ejusdem
1553 1635 1663 1664 contra
1686 1643 1796 1664 omnes

308 1705 454 1737 homines
478 1707 510 1736 et
533 1704 692 1735 foeminas
717 1702 999 1736 warentizabimus
1026 1702 1090 1745 [et]
1118 1701 1370 1744 acquietabimus
1392 1702 1426 1733 in
1447 1704 1648 1744 perpetuum.
1696 1700 1741 1733 Et
1758 1703 1795 1733 ut

310 1774 368 1806 hec
384 1773 517 1805 donacio
536 1773 694 1805 concessio
710 1775 742 1804 et
760 1773 916 1814 presentis
933 1774 1017 1804 carte
1033 1783 1102 1804 mee
1119 1771 1318 1804 confirmatio
1334 1773 1401 1802 rate
1422 1769 1487 1813 [et]
1513 1770 1643 1802 stabiles
1665 1770 1699 1801 in
1723 1781 1793 1812 per-

312 1846 445 1886 petuum
463 1845 674 1885 permaneant
692 1842 776 1874 hano
793 1844 913 1874 cartam
930 1842 1029 1884 sigini
1042 1841 1105 1873 mei
1121 1841 1327 1883 impressione
1344 1839 1500 1872 roboravi.
1548 1839 1626 1871 Hiis
1638 1838 1773 1871 testibus
1787 1865 1792 1872 .

307 1913 471 1945 Hmmco
510 1912 586 1944 Gm’
618 1938 622 1943 .
659 1911 826 1944 JOHANNE
857 1911 896 1943 ab
929 1911 1060 1943 Hownn
1092 1937 1097 1942 .
1132 1909 1320 1942 CLEMENTE
1353 1910 1392 1941 «le
1424 1908 1547 1940 szrm,
1580 1935 1585 1940 .
1616 1908 1794 1940 MAtxmcio

312 1982 446 2015 CRADoc
464 2007 470 2013 .
489 1981 626 2013 Howm.
644 1980 779 2013 CRAnoc
796 1983 826 2013 et
843 1980 955 2012 multis
972 1980 1051 2012 aliis.

355 2051 580 2083 Endorsed—‘
596 2049 847 2091 Landebethery
865 2049 976 2082 Wnl'.’
